"","id","itemId","itemNumber","name","name2","price","volume","pricePerLiter","salesStart","packaging","seal","origin","countryOfOrigin","producer","supplier","vintage","alcoholByVolume","assortment","organic","kosher","base","price_per_liter_use"
"1","8733002","1003072","87330","Rhum Selection","Barbados",555,500,1110,"2015-10-01","Flaska","","","Barbados","Granqvist Beverage House AB","Granqvist Beverage House AB","","45.00%","BS",FALSE,FALSE,"",122.1
"2","8797202","1003078","87972","Rhum Selection","Guatemala",555,500,1110,"2015-10-01","Flaska","","","Guatemala","Granqvist Beverage House AB","Granqvist Beverage House AB","","45.00%","BS",FALSE,FALSE,"",122.1
"3","8767002","1003081","87670","Rhum Selection","Trinidad",555,500,1110,"2015-10-01","Flaska","","","Trinidad","Granqvist Beverage House AB","Granqvist Beverage House AB","","45.00%","BS",FALSE,FALSE,"",122.1
"4","8767202","1003084","87672","Rhum Selection","Paraguay",599,500,1198,"2015-10-01","Flaska","","","Paraguay","Granqvist Beverage House AB","Granqvist Beverage House AB","","45.00%","BS",FALSE,FALSE,"",131.78
"5","8767702","1003087","87677","Rhum Selection","Belize",599,500,1198,"2015-10-01","Flaska","","","Belize","Granqvist Beverage House AB","Granqvist Beverage House AB","","45.00%","BS",FALSE,FALSE,"",131.78
"6","8716301","10287509","87163","Cubaney","Exquisito 21 Years",797,700,1138.57,"2018-01-29","Flaska","","","Dominikanska Republiken","Oliver & Oliver","Dica Vin & Sprit HB","","38.00%","BS",FALSE,FALSE,"",125.2427
"7","8015601","10287510","80156","Cubaney","Estupendo 15 Years",638,700,911.43,"2018-01-29","Flaska","","","Dominikanska Republiken","Oliver & Oliver","Dica Vin & Sprit HB","","38.00%","BS",FALSE,FALSE,"",100.2573
"8","8247701","10287512","82477","Ophyum","23 Years",1142,700,1631.43,"2018-01-29","Flaska","","","Dominikanska Republiken","Oliver & Oliver","Dica Vin & Sprit HB","","40.00%","BS",FALSE,FALSE,"",179.4573
"9","8581301","1030104","85813","Gold of Mauritius","",539,700,770,"2015-12-01","Flaska","","","Mauritius","Litchquor Ltd","Herida Aurum AB","","40.00%","BS",FALSE,FALSE,"",84.7
"10","8567501","1030107","85675","Gold of Mauritius","Solera 5",589,700,841.43,"2015-12-01","Flaska","","","Mauritius","Litchquor Ltd","Herida Aurum AB","","40.00%","BS",FALSE,FALSE,"",92.5573
"11","8513701","1030130","85137","Club Mauritius","Rum",399,700,570,"2015-12-01","Flaska","","","Mauritius","Litchquor Ltd","Herida Aurum AB","","40.00%","BS",FALSE,FALSE,"",62.7
"12","8513501","1030422","85135","Ron Aldea Familia","",697,700,995.71,"2015-12-01","Flaska","","Kanarieöarna","Spanien","Destilerías Aldea","Herida Aurum AB","1998","40.00%","BS",FALSE,FALSE,"",109.5281
"13","8543002","1030595","85430","Ron Esclavo","Solera XO Cask",787,500,1574,"2015-12-01","Flaska","","","Dominikanska Republiken","1423","1423 Noble Spirit AB","","65.00%","FS",FALSE,FALSE,"",173.14
"14","8305302","10345561","83053","Bielle","Ambré",628,500,1256,"2018-02-05","Flaska","","Guadeloupe","Frankrike","LMDW / Bielle Distillery","Clydesdale AB","","50.00%","BS",FALSE,FALSE,"",138.16
"15","8322602","10345562","83226","Bielle Vintage","Rhum Vieux Agricole",837,500,1674,"2018-02-05","Flaska","","Guadeloupe","Frankrike","LMDW / Bielle Distillery","Clydesdale AB","2011","42.00%","BS",FALSE,FALSE,"",184.14
"16","8288901","10345564","82889","Neisson","Batch 2",3781,700,5401.43,"2018-02-05","Flaska","","Martinique","Frankrike","LMDW / Neisson Distillery","Clydesdale AB","2000","48.00%","BS",FALSE,FALSE,"",594.1573
"17","8759301","10345566","87593","Neisson","XO par Neisson",1328,700,1897.14,"2018-02-05","Flaska","","Martinique","Frankrike","LMDW / Neisson Distillery","Clydesdale AB","","48.50%","BS",FALSE,FALSE,"",208.6854
"18","8332301","10345568","83323","Pere Labat","Rhum Extra Vieux Agricole De Marie Galant",1445,700,2064.29,"2018-02-05","Flaska","","Guadeloupe","Frankrike","LMDW / Domaine Poisson","Clydesdale AB","","42.00%","BS",FALSE,FALSE,"",227.0719
"19","8334701","10345569","83347","Pere Labat","59",578,700,825.71,"2018-02-05","Flaska","","Guadeloupe","Frankrike","LMDW / Domaine Poisson","Clydesdale AB","","59.00%","BS",FALSE,FALSE,"",90.8281
"20","8334801","10345570","83348","Pere Labat Dore","Rhum Agricole",677,700,967.14,"2018-02-05","Flaska","","Guadeloupe","Frankrike","LMDW / Domaine Poisson","Clydesdale AB","","50.00%","BS",FALSE,FALSE,"",106.3854
"21","8332501","10345572","83325","Pere Labat Soleil","Rhum Brun Agricole de Marie-Galante",647,700,924.29,"2018-02-05","Flaska","","Guadeloupe","Frankrike","LMDW / Domaine Poisson","Clydesdale AB","","55.00%","BS",FALSE,FALSE,"",101.6719
"22","8278901","10362320","82789","Neisson","Le Rhum Agricole Vieux par Neisson",918,700,1311.43,"2018-02-05","Flaska","","Martinique","Frankrike","LMDW / Neisson Distillery","Clydesdale AB","","45.00%","BS",FALSE,FALSE,"",144.2573
"23","8013901","10362324","80139","Mocambo 10","Solera Edition Aniversario",588,700,840,"2018-02-05","Flaska","","","Mexiko","Licores Veracruz","Clydesdale AB","","40.00%","BS",FALSE,FALSE,"",92.4
"24","8732101","10362325","87321","Mangoustan's","Carte Gris",439,700,627.14,"2018-02-05","Flaska","","Franska Antillerna","Frankrike","Slaur SAS","Clydesdale AB","","42.00%","BS",FALSE,FALSE,"",68.9854
"25","8218401","10362798","82184","Uitvlugt","Kill Devil Single Cask Rum 17 Years",1234,700,1762.86,"2018-02-05","Flaska","","","Guyana","Edition Spirits","Clydesdale AB","1999","46.00%","BS",FALSE,FALSE,"",193.9146
"26","8683101","1044408","86831","Botran","Sistema 15 Solera Reserva",429,700,612.86,"2016-01-02","Flaska","Naturkork","","Guatemala","Industria Licorera Quezalteca","Arcus Sweden AB","","40.00%","BS",FALSE,FALSE,"",67.4146
"27","71601","1046335","716","The Brand New Republique","Mango",199,700,284.29,"2016-06-01","Flaska","Syntetkork","","Internationellt märke","Enjoy Wine & Spirits","Enjoy Wine & Spirits AB","","32.00%","BS",FALSE,FALSE,"",31.2719
"28","70701","1051778","707","Noble Selected","Caribbean Rum",269,700,384.29,"2016-06-01","Flaska","","","Trinidad","Facile & Co","Facile & Co AB","","37.50%","BS",FALSE,FALSE,"",42.2719
"29","8340302","10616291","83403","Mocambo","Single Barrel 15 Years",577,500,1154,"2018-02-12","Flaska","","","Mexiko","Licores Veracruz","Clydesdale AB","","40.00%","BS",FALSE,FALSE,"",126.94
"30","8662001","1064151","86620","Havana Club","Union",2950,700,4214.29,"2016-03-01","Flaska","","","Kuba","Havana Club International","Pernod Ricard Sweden AB","","40.00%","BS",FALSE,FALSE,"",463.5719
"31","8301801","1066075","83018","Clément","Très Vieux Rhum Agricole 10 Years",699,700,998.57,"2016-03-05","Flaska","","Martinique","Frankrike","H Clément","Cask Sweden AB","","44.00%","BS",FALSE,FALSE,"",109.8427
"32","8300502","1067088","83005","Clément Single Cask Vanille Intense","Tres Vieux Rhum Agricole",579,500,1158,"2016-03-05","Flaska","","Martinique","Frankrike","H Clément","Cask Sweden AB","","42.80%","BS",FALSE,FALSE,"",127.38
"33","8305501","1067115","83055","Ron Quorhum","Aniversario 30 Years",999,700,1427.14,"2016-03-08","Flaska","","","Dominikanska Republiken","Oliver & Oliver International Inc","Cask Sweden AB","","40.00%","BS",FALSE,FALSE,"",156.9854
"34","8310101","1067150","83101","Ron Quorhum","Años Solera 15 Years",579,700,827.14,"2016-03-08","Flaska","","","Dominikanska Republiken","Oliver & Oliver International Inc","Cask Sweden AB","","40.00%","BS",FALSE,FALSE,"",90.9854
"35","8350001","1067206","83500","Ron Quorhum","Años Solera 12 Years",479,700,684.29,"2016-03-08","Flaska","","","Dominikanska Republiken","Oliver & Oliver International Inc","Cask Sweden AB","","40.00%","BS",FALSE,FALSE,"",75.2719
"36","8688001","1068405","86880","Clément","Select Barrel Rhum Agricole",449,700,641.43,"2016-03-18","Flaska","","Martinique","Frankrike","H Clément","Cask Sweden AB","","40.00%","BS",FALSE,FALSE,"",70.5573
"37","59401","1085759","594","The Brand New Republique Gran Añejo","3 años",239,700,341.43,"2016-09-01","Flaska","Syntetkork","","Dominikanska Republiken","Enjoy Wine & Spirits","Enjoy Wine & Spirits AB","","40.00%","FS",FALSE,FALSE,"Sugar Cane",37.5573
"38","8627601","1090542","86276","Bacardi Pineapple","",236,700,337.14,"2016-05-18","Flaska","","","Internationellt märke","Bacardi","Bacardi AB","","32.00%","BS",FALSE,FALSE,"",37.0854
"39","8616201","1090595","86162","Zafra","Ron Master Reserve 21 Years",897,700,1281.43,"2016-05-20","Flaska","","","Panama","Bodegas América","Clydesdale AB","","40.00%","BS",FALSE,FALSE,"",140.9573
"40","8684601","1092572","86846","Trigo","Reserva Aneja",695,700,992.86,"2016-06-01","Flaska","","Puerto Rico","USA","Trigo Corporation","Clydesdale AB","","40.00%","BS",FALSE,FALSE,"",109.2146
"41","8733701","1096566","87337","English Harbour","Reserve 10 Years",695,700,992.86,"2016-06-01","Flaska","","","Antigua & Barbuda","Antigua Distillery Ltd","Clydesdale AB","","40.00%","BS",FALSE,FALSE,"",109.2146
"42","8706601","1096607","87066","English Harbour","5 Years",398,700,568.57,"2016-06-01","Flaska","","","Antigua & Barbuda","Antigua Distillery Ltd","Clydesdale AB","","40.00%","BS",FALSE,FALSE,"",62.5427
"43","8797201","1101832","87972","Cubaney Tesoro","Gran Reserva 25 Years",992,700,1417.14,"2016-06-16","Flaska","","","Dominikanska Republiken","Oliver & Oliver International","Dica Vin & Sprit HB","","38.00%","BS",FALSE,FALSE,"",155.8854
"44","8171802","11024770","81718","Phantom Spirits","Mikkeller Beer Geek Vanilla Shake Cask 4 Years",397,500,794,"2018-03-05","Flaska","","","Guatemala","Phantom Spirits ApS","Brill & Co AB","","43.00%","BS",FALSE,FALSE,"",87.34
"45","8171402","11025130","81714","AB Svenska Sprit","Rom Blank",299,500,598,"2018-03-05","Flaska","","","Sverige","AB Svenska Sprit TBH","AB Svenska Sprit TBH","","38.00%","BS",FALSE,FALSE,"",65.78
"46","1030601","1106218","10306","J Bally","7 ans Pyramide",519,700,741.43,"2016-12-01","Flaska","","Martinique","Frankrike","La Martiniquaise","Moestue Grape Selections AB","","45.00%","BS",FALSE,FALSE,"",81.5573
"47","8600301","1118799","86003","Rhum Bielle","40th Anniversary",1286,700,1837.14,"2016-08-05","Flaska","","Guadeloupe","Frankrike","Distillerie Bielle","Clydesdale AB","2008","53.40%","BS",FALSE,FALSE,"",202.0854
"48","8744401","1118805","87444","Rhum Bielle","Small Batch",2456,700,3508.57,"2016-08-05","Flaska","","Guadeloupe","Frankrike","Distillerie Bielle","Clydesdale AB","2001","45.00%","BS",FALSE,FALSE,"",385.9427
"49","8916401","1121160","89164","Port Mourant","White",816,700,1165.71,"2016-08-05","Flaska","","","Guyana","LMDW / Velier S.p.A","Clydesdale AB","","59.00%","BS",FALSE,FALSE,"",128.2281
"50","8976801","1122073","89768","Trinidad Kill Devil","24 Years",1811,700,2587.14,"2016-08-05","Flaska","","","Trinidad","Edition Spirits","Clydesdale AB","","46.00%","BS",FALSE,FALSE,"",284.5854
"51","8250502","1125548","82505","Rhum","Extra Premium Selection 24 years",1699,500,3398,"2016-09-01","Flaska","","","Trinidad","Granqvist Beverage House AB","Granqvist Beverage House AB","","45.00%","BS",FALSE,FALSE,"",373.78
"52","8253902","1125670","82539","Rhum","Extra Premium Selection 10 years",739,500,1478,"2016-09-01","Flaska","","","Trinidad","Granqvist Beverage House AB","Granqvist Beverage House AB","","45.00%","BS",FALSE,FALSE,"",162.58
"53","8760802","1126302","87608","Rhum Extra Premium Selection","15 Years",799,500,1598,"2016-09-01","Flaska","","","Barbados","Granqvist Beverage House AB","Granqvist Beverage House AB","","45.00%","BS",FALSE,FALSE,"",175.78
"54","8775102","1126589","87751","Rhum Extra Premium Selection","11 Years",749,500,1498,"2016-09-01","Flaska","","","Panama","Granqvist Beverage House AB","Granqvist Beverage House AB","","45.00%","BS",FALSE,FALSE,"",164.78
"55","8705402","1126593","87054","Rhum Extra Premium Selection","12 Years",699,500,1398,"2016-09-01","Flaska","","","Guyana","Granqvist Beverage House AB","Granqvist Beverage House AB","","45.00%","BS",FALSE,FALSE,"",153.78
"56","8653502","1126941","86535","Rhum","Extra Premium Selection 11 Years",779,500,1558,"2016-09-01","Flaska","","","Fiji","Granqvist Beverage House AB","Granqvist Beverage House AB","","45.00%","BS",FALSE,FALSE,"",171.38
"57","35604","1133040","356","Diplomático","Reserva Exclusiva",639,600,1065,"2016-09-13","12 fl à 50 ml","","","Venezuela","Destilerías Unidas","Handpicked Wines Sweden AB","","40.00%","BS",FALSE,FALSE,"",117.15
"58","8611901","1140998","86119","1787 Angostura","15 Years",791,700,1130,"2016-10-03","Flaska","","","Trinidad","Angostura","Hermansson & Co AB","","40.00%","BS",FALSE,FALSE,"",124.3
"59","32201","1143486","322","Havana Club","Añejo 7 años",279,700,398.57,"2016-12-01","Flaska","","","Kuba","Havana Club International","Pernod Ricard Sweden AB","","40.00%","FS",FALSE,FALSE,"",43.8427
"60","8781601","1147427","87816","Ron Aldea","Maestro",548,700,782.86,"2016-10-21","Flaska","","Kanarieöarna","Spanien","Destilerías Aldea","Herida Aurum AB","","40.00%","BS",FALSE,FALSE,"",86.1146
"61","8638301","1150413","86383","Bristol Classic Rum","Port Morant Demerara 16 Years",1374,700,1962.86,"2016-10-24","Flaska","","","Guyana","Bristol Spirits","Clydesdale AB","1999","46.00%","BS",FALSE,FALSE,"",215.9146
"62","8623501","1156972","86235","Noble Selected","Caribbean Rum",349,700,498.57,"2016-12-01","Flaska","","","Trinidad","Facile & Co","Facile & Co AB","","43.00%","BS",FALSE,FALSE,"",54.8427
"63","8530201","1161063","85302","Ron Zacapa","Edicion Negra",749,700,1070,"2016-12-01","Flaska","","","Guatemala","Diageo Plc","Diageo Sweden AB","","43.00%","BS",FALSE,FALSE,"",117.7
"64","8559702","1163222","85597","Stroh","60%",299,500,598,"2016-12-16","Flaska","","","Österrike","Sebastian Stroh","Hermansson & Co AB","","60.00%","BS",FALSE,FALSE,"",65.78
"65","8675902","1163836","86759","Stroh","40%",249,500,498,"2016-12-09","Flaska","","","Österrike","Sebastian Stroh","Hermansson & Co AB","","40.00%","BS",FALSE,FALSE,"",54.78
"66","8789102","1164767","87891","STROH","80",369,500,738,"2016-12-08","Flaska","","","Österrike","SEBASTIAN STROH GESMBH","Hermansson & Co AB","","80.00%","BS",FALSE,FALSE,"",81.18
"67","8730501","11688030","87305","Cavalier","Antigua White",458,1000,458,"2018-04-03","Flaska","","","Antigua & Barbuda","Haromex Development GmbH","Clydesdale AB","","40.00%","BS",FALSE,FALSE,"",50.38
"68","8760901","11688031","87609","Cavalier","Antigua Gold",458,1000,458,"2018-04-03","Flaska","","","Antigua & Barbuda","Haromex Development GmbH","Clydesdale AB","","40.00%","BS",FALSE,FALSE,"",50.38
"69","8270001","11688053","82700","Hampden Estate","Gold",439,700,627.14,"2018-04-03","Flaska","","","Jamaica","Haromex Development GmbH","Clydesdale AB","","40.00%","BS",FALSE,FALSE,"",68.9854
"70","7593301","1175257","75933","Secret Treasures","Central America 10 Years",594,700,848.57,"2017-01-09","Flaska","","","Tyskland","Haromex Development GmbH","Clydesdale AB","","40.00%","BS",FALSE,FALSE,"",93.3427
"71","8588901","1175386","85889","St Nicholas Abbey","12 Years",1431,700,2044.29,"2017-01-09","Flaska","","","Barbados","St Nicholas Abbey","Clydesdale AB","","40.00%","BS",FALSE,FALSE,"",224.8719
"72","8541901","1175392","85419","Secret Treasures","South America 15 Years",752,700,1074.29,"2017-01-09","Flaska","","","Tyskland","Haromex Development GmbH","Clydesdale AB","","42.00%","BS",FALSE,FALSE,"",118.1719
"73","8703601","1176629","87036","Uitvlugt","Kill Devil Single Cask Rum",1232,700,1760,"2017-01-09","Flaska","","","Guyana","Edition Spirits","Clydesdale AB","1998","46.00%","BS",FALSE,FALSE,"",193.6
"74","8508101","1180925","85081","Guyana","Diamond Pot Still 12 Years",1133,700,1618.57,"2017-01-20","Flaska","","","Guyana","Edition Spirits","Clydesdale AB","","61.10%","BS",FALSE,FALSE,"",178.0427
"75","8701301","1181496","87013","Caroni","Kill Devil 17 Years",2890,700,4128.57,"2017-01-20","Flaska","","","Trinidad","Edition Spirits","Clydesdale AB","1998","63.10%","BS",FALSE,FALSE,"",454.1427
"76","11501","1187746","115","Botran","Reserva Blanca",329,700,470,"2017-06-01","Flaska","Naturkork","","Guatemala","Industria Licorera Quezalteca","Arcus Sweden AB","","40.00%","BS",FALSE,FALSE,"",51.7
"77","8218801","12155374","82188","Novo Fogo","Tanager Cachaça",629,700,898.57,"2018-04-16","Flaska","","","Brasilien","Novo Fogo","Barkonsult Jakobsson & Lövgren AB","","42.00%","BS",FALSE,FALSE,"",98.8427
"78","8270801","12155375","82708","Novo Fogo","Barrel-Aged Cachaça",608,700,868.57,"2018-04-16","Flaska","","","Brasilien","Novo Fogo","Barkonsult Jakobsson & Lövgren AB","","40.00%","BS",FALSE,FALSE,"",95.5427
"79","8495501","12155376","84955","Novo Fogo","Chameleon Cachaça",598,700,854.29,"2018-04-16","Flaska","","","Brasilien","Novo Fogo","Barkonsult Jakobsson & Lövgren AB","","43.00%","BS",FALSE,FALSE,"",93.9719
"80","8266601","12155377","82666","Novo Fogo","Silver Cachaça",499,700,712.86,"2018-04-16","Flaska","","","Brasilien","Novo Fogo","Barkonsult Jakobsson & Lövgren AB","","40.00%","BS",FALSE,FALSE,"",78.4146
"81","8184801","12155436","81848","Ron","Jungla",583,700,832.86,"2018-04-30","Flaska","Naturkork","Balearerna","Spanien","Bodegas Suau","Taste of Mallorca AB","","40.00%","BS",FALSE,FALSE,"",91.6146
"82","75201","12945562","752","Caña de Emperador","16 Years",599,700,855.71,"2018-09-01","Flaska","","","Guyana","Zonneveld Beverage Company","Multibev AB","","40.00%","BS",FALSE,FALSE,"Sugar Cane",94.1281
"83","8313501","12946234","83135","Penny Blue XO","Batch 005",647,700,924.29,"2018-05-02","Flaska","","","Mauritius","Berry Bros & Rudd","Clydesdale AB","","43.10%","BS",FALSE,FALSE,"",101.6719
"84","8732201","12947973","87322","By the Dutch","Batavia Arrack",599,700,855.71,"2018-05-09","Flaska","","","Indonesien","Zonneveld Beverage Company","Multibev AB","","48.00%","BS",FALSE,FALSE,"",94.1281
"85","4031801","13595932","40318","Plantation","Single Cask Barbados 7 YO Tiny Barrels Mackmyra Ambassador",949,700,1355.71,"2018-10-19","Flaska","","","Barbados","Cognac Ferrand","Spendrups Bryggeri AB","","40.20%","TSE",FALSE,FALSE,"",149.1281
"86","8584601","13904612","85846","Caroni","",2498,700,3568.57,"2018-06-04","Flaska","","","Trinidad","Bristol Spirits","Clydesdale AB","1997","61.50%","BS",FALSE,FALSE,"",392.5427
"87","1142604","14000133","11426","Plantation","Experience",479,600,798.33,"2018-12-01","6 fl à 100 ml","","","Internationellt märke","Cognac Ferrand","Spendrups Bryggeri AB","","41.00%","FS",FALSE,FALSE,"",87.8163
"88","8242401","14025148","82424","Transcontinental Rum Line","Panama",598,700,854.29,"2018-06-11","Flaska","","","Panama","La Maison Du Whisky","Symposion AB","2010","43.00%","BS",FALSE,FALSE,"",93.9719
"89","8278301","14025149","82783","Transcontinental Rum Line","WP Jamaica",747,700,1067.14,"2018-06-11","Flaska","","","Jamaica","La Maison Du Whisky","Symposion AB","2013","57.00%","BS",FALSE,FALSE,"",117.3854
"90","8671901","14074350","86719","Transcontinental Rum Line","Guadeloupe",647,700,924.29,"2018-06-11","Flaska","","Guadeloupe","Frankrike","Le Maison du Whisky","Symposion AB","2014","43.00%","BS",FALSE,FALSE,"",101.6719
"91","8147001","14074361","81470","El Dorado","3 Years",295,700,421.43,"2018-06-11","Flaska","","","Guyana","Demerara Distillers","Altia Sweden AB","","40.00%","BS",FALSE,FALSE,"",46.3573
"92","8125701","14074375","81257","Compagnie Des Indes","Jamaica 5 Years Old Blend",536,700,765.71,"2018-06-11","Flaska","","","Frankrike","Compagnie Des Indes","Symposion AB","","43.00%","BS",FALSE,FALSE,"",84.2281
"93","8128601","14078397","81286","Last Ward Rum","10 Years",1275,700,1821.43,"2018-06-20","Flaska","","","Barbados","Habitation Velier","Symposion AB","2007","59.00%","BS",FALSE,FALSE,"",200.3573
"94","8277601","14078399","82776","Forsyths","Jamaican Pure Single Rum 11 Years",1345,700,1921.43,"2018-06-20","Flaska","","","Jamaica","Habitation Velier","Symposion AB","2006","57.50%","BS",FALSE,FALSE,"",211.3573
"95","8772001","14078400","87720","Last Ward Rum","9 Years",1275,700,1821.43,"2018-06-20","Flaska","","","Barbados","Habitation Velier","Symposion AB","2009","59.00%","BS",FALSE,FALSE,"",200.3573
"96","8287801","14078401","82878","Forsyths","White Jamaican Pure Single Rum",747,700,1067.14,"2018-06-20","Flaska","","","Jamaica","Habitation Velier","Symposion AB","2017","57.00%","BS",FALSE,FALSE,"",117.3854
"97","8586401","14078402","85864","Rhum Bielle","Rhum Agricole Marie-Galante",3785,700,5407.14,"2018-06-20","Flaska","","Guadeloupe","Frankrike","Distillerie Bielle","Symposion AB","2001","53.70%","BS",FALSE,FALSE,"",594.7854
"98","8008101","1417597","80081","Bayou Spiced","",289,700,412.86,"2017-04-21","Flaska","","","USA","Louisiana Spirits","Multibev AB","","40.00%","BS",FALSE,FALSE,"",45.4146
"99","8701901","1419483","87019","Bayou","White",289,700,412.86,"2017-04-21","Flaska","","","USA","Lousiana Spirits LLC","Multibev AB","","40.00%","BS",FALSE,FALSE,"",45.4146
"100","8643801","1419484","86438","Bayou","Rum Reserve",309,700,441.43,"2017-04-21","Flaska","","","USA","Louisiana Spirits","Multibev AB","","40.00%","BS",FALSE,FALSE,"",48.5573
"101","8344501","14212171","83445","Ron Zacapa"," Royal",2599,700,3712.86,"2018-06-25","Flaska","","","Guatemala","Diageo plc","Diageo Sweden AB","","45.00%","BS",FALSE,FALSE,"",408.4146
"102","1145001","14212292","11450","Motörhead","Premium Dark Rum",389,700,555.71,"2018-12-01","Flaska","Skruvkapsyl","","Dominikanska Republiken","Brands For Fans","Brands For Fans Sweden AB","","40.00%","FS",FALSE,FALSE,"Cane Sugar",61.1281
"103","8290601","14276704","82906","Ron Escudero","Reserva",497,700,710,"2018-08-20","Flaska","","","Kuba","Renbjer & Magnusson AB","Renbjer & Magnusson AB","","40.00%","BS",FALSE,FALSE,"",78.1
"104","4040201","14508673","40402","Foursquare","Premise",796,700,1137.14,"2018-09-07","Flaska","Kapsyl","","Barbados","Foursquare Distillery","Renbjer & Magnusson AB","","46.00%","TSE",FALSE,FALSE,"",125.0854
"105","8490301","14618545","84903","Ron Millonario","Reserva Especial Solera 15",699,700,998.57,"2018-07-18","Flaska","","","Peru","Rossi & Rossi","Hvellinge Spritfabriks AB","","40.00%","BS",FALSE,FALSE,"",109.8427
"106","8312501","14618546","83125","Ron Millonario","XO",1129,700,1612.86,"2018-07-23","Flaska","","","Peru","Ron Millonario","Hvellinge Spritfabriks AB","","40.00%","BS",FALSE,FALSE,"",177.4146
"107","8132401","14622185","81324","Bem Bom","Cachaca",396,700,565.71,"2018-10-22","Flaska","Skruvkapsyl","","Brasilien","Bem Bom","Cask Kompaniet AB","","38.00%","BS",FALSE,FALSE,"",62.2281
"108","4034002","14851874","40340","Clément","Rare Cask",1000,500,2000,"2018-11-16","Flaska","","Martinique","Frankrike","Domaine de l'Acajou","Cask Sweden AB","2002","55.20%","TSE",FALSE,FALSE,"",220
"109","8052401","14868625","80524","Plantation Pineapple","",399,700,570,"2018-07-31","Flaska","","","Barbados","Cognac Ferrand","Spendrups Bryggeri AB","","40.00%","FS",FALSE,FALSE,"",62.7
"110","8642601","14994088","86426","Ron Valdeflores","Handcrafted Organic Oaxaca 8 Years",777,700,1110,"2018-10-22","Flaska","Twist off","","Mexiko","Ron Valdeflores","Cask Kompaniet AB","","43.00%","BS",TRUE,FALSE,"",122.1
"111","8324001","14994090","83240","Ron Valdeflores","Blanco Organic",470,700,671.43,"2018-10-22","Flaska","Twist off","","Mexiko","Ron Valdeflores","Cask Kompaniet AB","","43.00%","BS",TRUE,FALSE,"",73.8573
"112","8492702","14994091","84927","Uppsala Distillery Independent Bottler","Barbados Rum 10 Years Old",776,500,1552,"2018-08-01","Flaska","","","Barbados","Foursquare Distillery","Uppsala Destilleri AB","","64.80%","BS",FALSE,FALSE,"",170.72
"113","8111401","14994104","81114","A.H. Riise","Royal Danish Navy Rum",799,700,1141.43,"2018-07-30","Flaska","","","Danmark","A.H.Riise","Multibev AB","","40.00%","BS",FALSE,FALSE,"",125.5573
"114","8664701","15046137","86647","English Harbour","Port Finish",689,700,984.29,"2018-08-06","Flaska","","","Antigua & Barbuda","Antigua Distillery Ltd","Clydesdale AB","","46.00%","BS",FALSE,FALSE,"",108.2719
"115","8122701","15046140","81227","English Harbour","Antigua Rum Madeira Cask Finish",689,700,984.29,"2018-08-06","Flaska","","","Antigua & Barbuda","Antigua Distillery Ltd","Clydesdale AB","","46.00%","BS",FALSE,FALSE,"",108.2719
"116","8267301","15386984","82673","Saint James","XO",499,700,712.86,"2018-08-13","Flaska","Naturkork","Martinique","Frankrike","Saint James","Berntson Brands AB","","43.00%","BS",FALSE,FALSE,"",78.4146
"117","8915601","15557032","89156","Rum-Bar","White Overproof",499,700,712.86,"2018-08-22","Flaska","","","Jamaica","Worthy Park Estate","1423 Noble Spirit AB","","63.00%","BS",FALSE,FALSE,"",78.4146
"118","8201401","15759454","82014","On Deck","Caribbean Rum 15 Years",855,700,1221.43,"2018-09-10","Flaska","","","Övriga ursprung","Haromex Development GmbH","Clydesdale AB","","40.00%","BS",FALSE,FALSE,"",134.3573
"119","37001","15771","370","Captain Morgan","Spiced Gold",256,700,365.71,"1998-08-03","Flaska","","","Jamaica","Captain Morgan","Diageo Sweden AB","","35.00%","FS",FALSE,FALSE,"",40.2281
"120","8653701","16065715","86537","Negrita","Añejo Reserve",229,700,327.14,"2018-09-17","Flaska","Skruvkapsyl","","Frankrike","Bardinet","Berntson Brands AB","","37.50%","BS",FALSE,FALSE,"",35.9854
"121","8140201","16305491","81402","Ron de Jeremy","XXXO Notre Dam",897,700,1281.43,"2018-09-17","Flaska","","","Barbados","One Eyed Spirits","Herida Aurum AB","","43.00%","BS",FALSE,FALSE,"",140.9573
"122","8305801","16463667","83058","WeiRon","Swe Cask 01",799,700,1141.43,"2018-09-19","Flaska","","","Sverige","Svenska Eldvatten","Svenska Eldvatten AB","","52.70%","BS",FALSE,FALSE,"",125.5573
"123","46401","16871635","464","The Pirate Bay","Silver Rum",234,700,334.29,"2019-03-01","PET-flaska","Skruvkapsyl","","Guatemala","Brands For Fans","Brands For Fans Sweden AB","","40.00%","FS",FALSE,FALSE,"Sugar Cane",36.7719
"124","46402","16871636","464","The Pirate Bay","Silver Rum",128,350,365.71,"2019-03-01","PET-flaska","Skruvkapsyl","","Guatemala","Brands For Fans","Brands For Fans Sweden AB","","40.00%","FS",FALSE,FALSE,"Sugar Cane",40.2281
"125","8790001","16890042","87900","Kuna","Panama",395,700,564.29,"2018-11-19","Flaska","Skruvkapsyl","","Panama","Toorank","Galatea AB","","40.00%","BS",FALSE,FALSE,"",62.0719
"126","8331501","16912823","83315","Worthy Park","Single Estate",694,700,991.43,"2018-10-02","Flaska","","","Jamaica","Worthy Park Estate","1423 Noble Spirit AB","","45.00%","BS",FALSE,FALSE,"",109.0573
"127","8640701","17433188","86407","Charanda Real de Uruapán","Hard",449,1000,449,"2018-10-29","Flaska","","","Mexiko","Comercializadora Pame S.A. DE C.V.","AliasSmith AB","","43.00%","BS",FALSE,FALSE,"",49.39
"128","8323301","17646209","83233","Ron Palido","",332,700,474.29,"2018-11-14","Flaska","Skruvkapsyl","","Spanien","Ron Montero","SWSwine Köksinredarna Björkman Design AB","","37.50%","BS",FALSE,FALSE,"",52.1719
"129","8564301","17704551","85643","BC","12 Years",628,700,897.14,"2018-11-05","Flaska","","","Övriga ursprung","Haromex Development GmbH","Clydesdale AB","","40.00%","BS",FALSE,FALSE,"",98.6854
"130","8235501","17704552","82355","BC","18 Years",757,700,1081.43,"2018-11-05","Flaska","","","Övriga ursprung","Haromex Development GmbH","Clydesdale AB","","40.00%","BS",FALSE,FALSE,"",118.9573
"131","8487501","17704553","84875","BC","8 Years",558,700,797.14,"2018-11-05","Flaska","","","Övriga ursprung","Haromex Development GmbH","Clydesdale AB","","40.00%","BS",FALSE,FALSE,"",87.6854
"132","8563301","17709289","85633","Guyana Port Morant","10 Years",1225,700,1750,"2018-11-05","Flaska","","","Guyana","Blackadder","Clydesdale AB","2008","57.60%","BS",FALSE,FALSE,"",192.5
"133","8063401","17709291","80634","Blackadder Guyana Port Morant","15 Years",1484,700,2120,"2018-11-14","Flaska","","","Guyana","Blackadder","Clydesdale AB","2003","48.60%","BS",FALSE,FALSE,"",233.2
"134","4036501","17787684","40365","Compañero","Extra Añejo Panama 12 Years",490,700,700,"2019-01-18","Flaska","","","Panama","1423","1423 Noble Spirit AB","","54.00%","BS",FALSE,FALSE,"",77
"135","4037801","17791719","40378","Forsyths Worthy Park White","Habitation Velier",659,700,941.43,"2019-02-01","Flaska","","","Jamaica","Habitation Velier","Symposion AB","2015","57.00%","TSE",FALSE,FALSE,"",103.5573
"136","4037901","17791733","40379","Hampden 7 Years Old","Habitation Velier",995,700,1421.43,"2019-02-01","Flaska","","","Jamaica","Habitation Velier","Symposion AB","","60.50%","TSE",FALSE,FALSE,"",156.3573
"137","4038001","17791745","40380","Foursquare","Habitation Velier",899,700,1284.29,"2019-02-01","Flaska","","","Barbados","Habitation Velier","Symposion AB","","64.00%","TSE",FALSE,FALSE,"",141.2719
"138","4038201","17791861","40382","Hampden Estate","Overproof Pure Single Jamaican Rum",889,700,1270,"2019-02-01","Flaska","","","Jamaica","Hampden Distillery - Le Maison du Whisky","Symposion AB","","60.00%","TSE",FALSE,FALSE,"Sugar Cane",139.7
"139","4038601","17797027","40386","South Pacific Rum","Fiji",619,700,884.29,"2019-03-22","Flaska","","","Fiji","Compagnie Des Indes","Symposion AB","","44.00%","TSE",FALSE,FALSE,"",97.2719
"140","4038701","17797354","40387","Trinidad T.D.L","High Proof",923,700,1318.57,"2019-04-05","Flaska","","","Trinidad","Compagnie Des Indes","Symposion AB","2006","60.00%","TSE",FALSE,FALSE,"",145.0427
"141","4038801","17797400","40388","Guyana Diamond","",636,700,908.57,"2019-04-26","Flaska","","","Guyana","Compagnie Des Indes","Symposion AB","2007","43.00%","TSE",FALSE,FALSE,"Sugar Cane",99.9427
"142","4047101","17797402","40471","Compagnie des Indes","Florida Cask Strength",865,700,1235.71,"2019-04-26","Flaska","","","USA","Compagnie Des Indes","Symposion AB","2004","58.00%","TSE",FALSE,FALSE,"Sugar Cane",135.9281
"143","8061301","18039085","80613","Neisson","Le Rhum par Neisson",519,700,741.43,"2018-11-13","Flaska","","Martinique","Frankrike","LMDW / Neisson Distillery","Barkonsult Jakobsson & Lövgren AB","","52.50%","BS",FALSE,FALSE,"",81.5573
"144","8745001","18159637","87450","Ron Montero","Reserva",384,700,548.57,"2018-11-14","Flaska","Skruvkapsyl","","Spanien","Ron Montero","SWSwine Köksinredarna Björkman Design AB","","40.00%","BS",FALSE,FALSE,"",60.3427
"145","8282901","18204531","82829","Ron","Francisco Montero",1278,700,1825.71,"2018-11-14","Flaska","Korkpropp","","Spanien","Ron Montero","SWSwine Köksinredarna Björkman Design AB","","40.00%","BS",FALSE,FALSE,"",200.8281
"146","35608","18204542","356","Diplomático","Reserva Exclusiva",2389,3000,796.33,"2018-11-19","Flaska","","","Venezuela","Dusa","Handpicked Wines Sweden AB","","40.00%","BS",FALSE,FALSE,"",87.5963
"147","8270201","18644335","82702","Smith & Cross","Traditional Jamaica Rum",648,700,925.71,"2018-12-03","Flaska","","","Jamaica","Hayman Distillers","Renbjer & Magnusson AB","","57.00%","BS",FALSE,FALSE,"",101.8281
"148","8496301","18644336","84963","Chairman's Reserve","Forgotten Casks",598,700,854.29,"2018-12-03","Flaska","Syntetkork","","St Lucia","Spiridom","Renbjer & Magnusson AB","","40.00%","BS",FALSE,FALSE,"",93.9719
"149","8142602","18644337","81426","Gunroom","Navy Rum",498,500,996,"2018-12-05","Flaska","","","Barbados","Integrity Spirits","Renbjer & Magnusson AB","","65.00%","BS",FALSE,FALSE,"",109.56
"150","8137001","18644339","81370","Arehucas","Fresier",289,700,412.86,"2018-12-03","Flaska","","Kanarieöarna","Spanien","Destilerias Arehucas SA","Herida Aurum AB","","37.50%","BS",FALSE,FALSE,"",45.4146
"151","8349901","18717083","83499","A.H. Riise","Kong Haakon XO Royal Reserve",799,700,1141.43,"2018-12-10","Flaska","","","Danmark","A.H.Riise","Multibev AB","","42.00%","BS",FALSE,FALSE,"",125.5573
"152","8124201","18717084","81242","A.H. Riise","Non Plus Ultra Very Rare Rum",1299,700,1855.71,"2018-12-10","Flaska","","Virgin Islands","USA","A H Riisen Spirits","Multibev AB","","42.00%","BS",FALSE,FALSE,"",204.1281
"153","8265801","18717085","82658","Riise","XO Reserve 175th AnnIversary Rum",899,700,1284.29,"2018-12-10","Flaska","","","Danmark","A.H.Riise","Multibev AB","","42.00%","BS",FALSE,FALSE,"",141.2719
"154","8668901","19327181","86689","La Hechicera","Extra Anejo Solera 21",649,700,927.14,"2018-12-31","Flaska","","","Colombia","Casa Santana Ron y Licores S.A.S.","Multibev AB","","40.00%","BS",FALSE,FALSE,"",101.9854
"155","8254201","19366169","82542","Union 55","",530,700,757.14,"2018-12-31","Flaska","","","Barbados","Union 55","Multibev AB","","41.00%","BS",FALSE,FALSE,"",83.2854
"156","4051501","19450674","40515","Belize Single Cask","Cask Strength",1037,700,1481.43,"2019-04-05","Flaska","","","Belize","1423","Symposion AB","2006","66.10%","TSE",FALSE,FALSE,"",162.9573
"157","8776201","19709686","87762","Venezuelan Rum","12 Years Cask Ref 17",1146,700,1637.14,"2019-03-25","Flaska","","","Venezuela","Berry Bros & Rudd","Clydesdale AB","","46.00%","BS",FALSE,FALSE,"",180.0854
"158","8701801","19709689","87018","Guyanan Rum","14 Years Cask Ref 3",1145,700,1635.71,"2019-03-25","Flaska","","","Guyana","Berry Bros & Rudd","Clydesdale AB","","46.00%","BS",FALSE,FALSE,"",179.9281
"159","8012601","20129030","80126","Caroni","Kill Devil",2498,700,3568.57,"2019-02-04","Flaska","","","Trinidad","Edition Spirits","Clydesdale AB","1998","46.00%","BS",FALSE,FALSE,"",392.5427
"160","8188601","20129031","81886","Trinidad","Fernandes 9 Years",847,700,1210,"2019-02-04","Flaska","","","Trinidad","Edition Spirits","Clydesdale AB","2009","46.00%","BS",FALSE,FALSE,"",133.1
"161","7051301","20368","70513","Bacardi","8 años",409,700,584.29,"1999-09-01","Flaska","","Puerto Rico","USA","Bacardi","Bacardi AB","","40.00%","BS",FALSE,FALSE,"",64.2719
"162","8249802","20465619","82498","Rhum Bielle","Canne Grise",548,500,1096,"2019-02-18","Flaska","","Guadeloupe","Frankrike","Distillerie Bielle","Clydesdale AB","","59.00%","BS",FALSE,FALSE,"",120.56
"163","8704401","20492475","87044","Paranubes","Oaxaca Rum",659,700,941.43,"2019-02-18","Flaska","","","Mexiko","Dos Valles S.A DE C.V.","Barkonsult Jakobsson & Lövgren AB","","54.00%","BS",FALSE,FALSE,"",103.5573
"164","8581401","20900045","85814","Santa Teresa 1796","",529,700,755.71,"2019-04-08","Flaska","","","Venezuela","C.A. Ron Santa Teresa","Bacardi AB","","40.00%","BS",FALSE,FALSE,"",83.1281
"165","8742201","20975699","87422","Rammstein Rum","Blended Classic Jamaica, Guyana och Trinidad",599,700,855.71,"2019-03-11","Flaska","","","Danmark","1423 Aps","1423 Noble Spirit AB","","40.00%","BS",FALSE,FALSE,"",94.1281
"166","8432801","21439915","84328","Flying Dutchman","PX 5 Years",628,700,897.14,"2019-03-18","Flaska","","","Nederländerna","Zuidam Distillers BV","Clydesdale AB","","40.00%","BS",FALSE,FALSE,"",98.6854
"167","8732602","21503072","87326","Dygden","Premium Blend XO",397,500,794,"2019-05-20","Flaska","","","Sverige","Gripsholms Distillery","Bondi AB","2015","40.00%","BS",FALSE,FALSE,"",87.34
"168","8212101","215288","82121","Velho Barreiro","",306,700,437.14,"2006-07-01","Flaska","Skruvkapsyl","","Brasilien","Ind. Reunidas de Bebidas Tatuzinho","Renbjer & Magnusson AB","","39.00%","BS",FALSE,FALSE,"",48.0854
"169","51001","215592","510","Appleton Estate","Signature Blend",309,700,441.43,"2006-10-02","Flaska","","","Jamaica","Wray & Nephew","Nigab","","40.00%","BS",FALSE,FALSE,"",48.5573
"170","8273901","21906384","82739","Neisson","L'Espirit Bio",996,700,1422.86,"2019-04-01","Flaska","","Martinique","Frankrike","LMDW / Neisson Distillery","Clydesdale AB","","66.00%","BS",TRUE,FALSE,"",156.5146
"171","8705301","21906387","87053","Neisson","Le Rhum Bio",796,700,1137.14,"2019-04-01","Flaska","","Martinique","Frankrike","LMDW / Neisson Distillery","Clydesdale AB","","52.50%","BS",TRUE,FALSE,"",125.0854
"172","8249001","21918476","82490","Papa's Pilar","Blonde Rum 7",474,700,677.14,"2019-04-01","Flaska","","","USA","Hemingway Rum Company","House of Liquids","","42.00%","BS",FALSE,FALSE,"",74.4854
"173","8333001","21918478","83330","Papa's Pilar","Dark Rum 24",590,700,842.86,"2019-04-01","Flaska","","","USA","Hemingway Rum Company","House of Liquids","","43.00%","BS",FALSE,FALSE,"",92.7146
"174","8344901","21918485","83449","Papa's Pilar","Dark Rum Sherry Cask Finish",647,700,924.29,"2019-04-01","Flaska","","","USA","Hemingway Rum Company","House of Liquids","","43.00%","BS",FALSE,FALSE,"",101.6719
"175","56801","21955588","568","Havana Club Añejo","3 Años",249,700,355.71,"2019-06-01","Flaska","","","Kuba","Havana Club International","Pernod Ricard Sweden AB","","37.50%","FS",FALSE,FALSE,"",39.1281
"176","8547001","22371905","85470","WeiRon Black","Navy Strength",649,700,927.14,"2019-04-10","Flaska","","","Internationellt märke","Svenska Eldvatten","Svenska Eldvatten AB","","57.10%","BS",FALSE,FALSE,"",101.9854
"177","8055401","23129388","80554","Caroni","Navy Rum 18 Years",2598,700,3711.43,"2019-05-06","Flaska","","","Trinidad","Maison Clavelier","Clydesdale AB","","51.40%","BS",FALSE,FALSE,"",408.2573
"178","8794101","23129401","87941","Westerhall No.2","",549,700,784.29,"2019-05-06","Flaska","","","Grenada","Westerhall Rums UK","Clydesdale AB","","37.50%","BS",FALSE,FALSE,"",86.2719
"179","8733901","23129402","87339","Westerhall No.3","",568,700,811.43,"2019-05-06","Flaska","","","Grenada","Westerhall Rums UK","Clydesdale AB","","40.00%","BS",FALSE,FALSE,"",89.2573
"180","8744101","23129403","87441","Westerhall No.5","",628,700,897.14,"2019-05-06","Flaska","","","Grenada","Westerhall Rums UK","Clydesdale AB","","43.00%","BS",FALSE,FALSE,"",98.6854
"181","8706801","23129404","87068","Westerhall No.7","",678,700,968.57,"2019-05-06","Flaska","","","Grenada","Westerhall Rums UK","Clydesdale AB","","40.00%","BS",FALSE,FALSE,"",106.5427
"182","8710301","23129405","87103","Westerhall No.10","",747,700,1067.14,"2019-05-06","Flaska","","","Grenada","Westerhall Rums UK","Clydesdale AB","","40.00%","BS",FALSE,FALSE,"",117.3854
"183","8741301","23140476","87413","Rhum Bielle","",2708,700,3868.57,"2019-05-06","Flaska","","Guadeloupe","Frankrike","La Maison Du Whisky","Clydesdale AB","2001","45.00%","BS",FALSE,FALSE,"",425.5427
"184","8723401","23140477","87234","Enmore","22 Years",2181,700,3115.71,"2019-05-06","Flaska","","","Guyana","Bristol Spirits","Clydesdale AB","1988","43.00%","BS",FALSE,FALSE,"",342.7281
"185","8730901","23140478","87309","Enmore","Sherry Finish 30 Years",2986,700,4265.71,"2019-05-06","Flaska","","","Guyana","Bristol Spirits","Clydesdale AB","1988","46.50%","BS",FALSE,FALSE,"",469.2281
"186","8046301","23140479","80463","Port Morant","Demerara Rum",1036,700,1480,"2019-05-06","Flaska","","","Guyana","Bristol Spirits","Clydesdale AB","2008","43.00%","BS",FALSE,FALSE,"",162.8
"187","53201","2325996","532","El Dorado","8 Year Old",349,700,498.57,"2017-09-01","Flaska","","","Guyana","Demerara Distillers","Altia Sweden AB","","40.00%","BS",FALSE,FALSE,"Sugar Cane",54.8427
"188","467004","23359953","4670","Port Louiis","",99,200,495,"2019-09-02","Flaska","Skruvkapsyl","","Mauritius","House of Lords Beverages Limited","Galatea AB","","40.00%","FS",FALSE,FALSE,"",54.45
"189","4058401","24049743","40584","Foursquare","Patrimonio",1954,700,2791.43,"2019-08-29","Flaska","","","Barbados","Foursquare Distillery","Symposion AB","","58.00%","TSE",FALSE,FALSE,"",307.0573
"190","8182001","24349189","81820","Latino","Blend 5 Years",526,700,751.43,"2019-07-03","Flaska","","","Frankrike","Compagnie Des Indes","Symposion AB","","40.00%","BS",FALSE,FALSE,"",82.6573
"191","4061101","24385031","40611","Vale Royal 12 Years Old","VRW",1537,700,2195.71,"2019-08-29","Flaska","","","Jamaica","Long Pond","Symposion AB","","62.50%","TSE",FALSE,FALSE,"",241.5281
"192","4061601","24385949","40616","Long Pond 11 Years Old TECC","National Rums of Jamaica",1702,700,2431.43,"2019-09-19","Flaska","","","Jamaica","Long Pond","Symposion AB","","62.50%","TSE",FALSE,FALSE,"",267.4573
"193","4061701","24386354","40617","Velier Royal Navy","Tiger Shark",1925,700,2750,"2019-09-19","Flaska","","","Varierande ursprung","Habitation Velier","Symposion AB","","57.20%","TSE",FALSE,FALSE,"",302.5
"194","4061801","24386364","40618","Cambridge 13 Years Old STCE","National Rums of Jamaica",1771,700,2530,"2019-09-19","Flaska","","","Jamaica","Long Pond","Symposion AB","","62.50%","TSE",FALSE,FALSE,"",278.3
"195","8412401","24386418","84124","Ron Cubay","Añejo Suave",325,700,464.29,"2019-06-18","Flaska","","","Kuba","El Ron Cubano Handels","Herida Aurum AB","","37.50%","BS",FALSE,FALSE,"",51.0719
"196","8071801","24386488","80718","Ron Cubay","Carta Blanca 14 Years",1245,700,1778.57,"2019-06-17","Flaska","","","Kuba","El Ron Cubano Handels","Herida Aurum AB","","40.00%","BS",FALSE,FALSE,"",195.6427
"197","8010201","24386489","80102","Ron Cubay","Extra Añejo 18 years",1493,700,2132.86,"2019-06-19","Flaska","","","Kuba","El Ron Cubano Handels","Herida Aurum AB","","40.00%","BS",FALSE,FALSE,"",234.6146
"198","8250701","24386938","82507","Santiago de Cuba","20 Years",1420,700,2028.57,"2019-06-19","Flaska","","","Kuba","El Ron Cubano Handels","Herida Aurum AB","","40.00%","BS",FALSE,FALSE,"",223.1427
"199","4062701","24387029","40627","Ron Quorhum 30 Years Old","Anniversario Cask Strength",1089,700,1555.71,"2019-09-20","Flaska","","","Dominikanska Republiken","Oliver & Oliver","Cask Sweden AB","","50.00%","TSE",FALSE,FALSE,"",171.1281
"200","4064601","24397484","40646","Ron Zacapa","Reserva Limitada 2019",919,700,1312.86,"2019-10-18","Flaska","","","Guatemala","Añejos de Altura S.A.","Diageo Sweden AB","","45.00%","TSE",FALSE,FALSE,"Sugar Cane",144.4146
"201","8226801","24403111","82268","Barceló","Imperial Onyx",449,700,641.43,"2019-09-02","Flaska","","","Dominikanska Republiken","Ron Barcelò Srl","Hermansson & Co AB","","38.00%","FS",FALSE,TRUE,"",70.5573
"202","8142304","24403958","81423","25 Rums","The Original Rum Box",793,500,1586,"2019-09-09","25 fl à 20 ml","","","Varierande ursprung","1423 Aps","Herida Aurum AB","","41.40%","BS",FALSE,FALSE,"",174.46
"203","8185701","24403997","81857","The Flying Dutchman","Rum Ol 6 years",678,700,968.57,"2019-09-09","Flaska","","","Nederländerna","Zuidam Distillers BV","Clydesdale AB","","46.00%","BS",FALSE,FALSE,"",106.5427
"204","47901","24404597","479","J. Bally Rhum Ambré","",349,700,498.57,"2019-12-02","Flaska","","Martinique","Frankrike","Distillery Bally","Moestue Grape Selections AB","","45.00%","FS",FALSE,FALSE,"",54.8427
"205","8225201","24404940","82252","Diamond Guyana Rum","10 Years",1265,700,1807.14,"2019-09-16","Flaska","","","Guyana","Blackadder","Clydesdale AB","2008","56.00%","BS",FALSE,FALSE,"",198.7854
"206","8209901","24404941","82099","Fiji Rum","Raw Cask 9 Years",1276,700,1822.86,"2019-09-16","Flaska","","","Fiji","Blackadder","Clydesdale AB","2009","64.10%","BS",FALSE,FALSE,"",200.5146
"207","4065401","24405784","40654","Rum Agricola da Madeira 970","Single Cask Edition",959,700,1370,"2019-11-22","Flaska","","Madeira","Portugal","J. Faria & Filhos","AliasSmith AB","","49.90%","TSE",FALSE,FALSE,"",150.7
"208","4065601","24406115","40656","Worthy Park","Single Estate 12 Years Old",1249,700,1784.29,"2019-12-06","Flaska","","","Jamaica","Worthy Park Estate","Herida Aurum AB","","56.00%","TSE",FALSE,FALSE,"",196.2719
"209","8280101","24407063","82801","H.A.R.R.E.L","Skeppsholmen",602,700,860,"2019-09-23","Flaska","","","Varierande ursprung","H.A.R.R.E.L AB","H.A.R.R.E.L AB","","40.50%","BS",FALSE,FALSE,"",94.6
"210","4065901","24407551","40659","Ron Abuelo","Centuria",1340,700,1914.29,"2019-12-06","Flaska","","","Panama","Ron Abuelo Panama","Symposion AB","","40.00%","TSE",FALSE,FALSE,"",210.5719
"211","8141702","24408186","81417","H.A.R.R.E.L","Barbados 13 Years",737,500,1474,"2019-09-23","Flaska","","","Barbados","H.A.R.R.E.L AB","H.A.R.R.E.L AB","","49.00%","BS",FALSE,FALSE,"",162.14
"212","8324901","24409254","83249","JFS","Silk Råmm",337,700,481.43,"2019-11-25","Flaska","","","Sverige","Sweden Spirit Group AB","Sweden Spirit Group AB","","40.00%","BS",FALSE,FALSE,"",52.9573
"213","8134501","24409304","81345","Diplomático","Selección De Familia",625,700,892.86,"2019-11-27","Flaska","Korkpropp","","Venezuela","Destilerías Unidas","Handpicked Wines Sweden AB","","43.00%","FSB",FALSE,FALSE,"",98.2146
"214","8235001","24411074","82350","Havana Club","Pacto Navio",399,700,570,"2019-10-07","Flaska","","","Kuba","Havana Club International","Pernod Ricard Sweden AB","","40.00%","BS",FALSE,FALSE,"",62.7
"215","8176901","24412144","81769","WeiRon","Swedish Cask Finish 02",799,700,1141.43,"2019-10-16","Flaska","","","Sverige","Svenska Eldvatten","Svenska Eldvatten AB","","58.60%","BS",FALSE,FALSE,"",125.5573
"216","35501","24413962","355","Jaguara","Premium Dark Rum",449,700,641.43,"2020-03-02","Flaska","Syntetkork","","Guyana","Umida Partners AB","Umida Partners AB","","45.00%","FSN",FALSE,FALSE,"",70.5573
"217","4067201","24414009","40672","Cadenhead Guyana Uitvlugt","25 Years Old",2988,700,4268.57,"2020-01-30","Flaska","","","Guyana","William Cadenhead","Symposion AB","1993","51.20%","TSE",FALSE,FALSE,"",469.5427
"218","4068401","24414244","40684","Two Oaks","Ron Abuelo XII Años",598,700,854.29,"2020-03-27","Flaska","","","Panama","Ron Abuelo Panama","Symposion AB","","40.00%","TSE",FALSE,FALSE,"Sugar Cane",93.9719
"219","8276701","24415242","82767","Negrita","Spiced Golden",230,700,328.57,"2020-02-19","Flaska","","","Frankrike","Bardinet","Berntson Brands AB","","35.00%","BS",FALSE,FALSE,"",36.1427
"220","8141901","24415245","81419","Bumbu","XO",506,700,722.86,"2019-10-28","Flaska","","","Panama","Sovereign Brands","Mission Wine & Spirit AB","","40.00%","BS",FALSE,FALSE,"",79.5146
"221","8552001","24416009","85520","Tiki Lovers","White Rum",479,700,684.29,"2019-11-25","Flaska","","","Tyskland","The Bitter Truth","Barkonsult Jakobsson & Lövgren AB","","50.00%","BS",FALSE,FALSE,"",75.2719
"222","8302501","24416010","83025","Tiki Lovers","Dark Rum",479,700,684.29,"2019-10-28","Flaska","","","Tyskland","The Bitter Truth","Barkonsult Jakobsson & Lövgren AB","","57.00%","BS",FALSE,FALSE,"",75.2719
"223","8174102","24417499","81741","A-Bay Spirit","8 Years Bourbon Cask  Apelviken 8+",678,500,1356,"2019-11-04","Flaska","Korkpropp","","Panama","Ädel Smak by Per AB","Galatea AB","","46.00%","BS",FALSE,FALSE,"",149.16
"224","8585802","24418420","85858","Arruco V.S.O.P.","Caribbean Rum and VSOP Cognac",548,500,1096,"2019-11-06","Flaska","","","Frankrike","Destilerías y Distribuciones Líber S.L.","Arbore Ab","","40.00%","BS",FALSE,FALSE,"",120.56
"225","8152002","24418421","81520","Arruco XO","Caribbean Rum and XO Armagnac",797,500,1594,"2019-11-06","Flaska","","","Frankrike","Destilerías y Distribuciones Líber S.L.","Arbore Ab","","40.00%","BS",FALSE,FALSE,"",175.34
"226","8342001","24422865","83420","Tres Hombres","Edition 34 Republica Dominicana",817,700,1167.14,"2019-11-20","Flaska","","","Dominikanska Republiken","Fairtransport","Herida Aurum AB","2019","43.00%","BS",FALSE,FALSE,"",128.3854
"227","8262501","24422866","82625","Tres Hombres","Edition 31 Old Barbados",757,700,1081.43,"2019-11-20","Flaska","","","Barbados","Fairtransport","Herida Aurum AB","2019","43.00%","BS",FALSE,FALSE,"",118.9573
"228","8318901","24422867","83189","Tres Hombres","Edition 28 La Palma",698,700,997.14,"2019-11-20","Flaska","","Kanarieöarna","Spanien","Fairtransport","Herida Aurum AB","2019","43.00%","BS",FALSE,FALSE,"",109.6854
"229","8651201","24423284","86512","Esclavo XO"," Stauning Whisky Cask Finish",827,700,1181.43,"2019-11-20","Flaska","","","Dominikanska Republiken","1423 Aps","Herida Aurum AB","","46.00%","BS",FALSE,FALSE,"",129.9573
"230","8585201","24423286","85852","Esclavo","12 Years Speyside Whisky Cask Finish",628,700,897.14,"2019-11-20","Flaska","","","Dominikanska Republiken","1423 Aps","Herida Aurum AB","","46.00%","BS",FALSE,FALSE,"",98.6854
"231","8202601","24423302","82026","Esclavo","12 Years Stauning Whisky Cask Finish",628,700,897.14,"2019-11-20","Flaska","","","Dominikanska Republiken","1423 Aps","Herida Aurum AB","","46.00%","BS",FALSE,FALSE,"",98.6854
"232","8214902","24423321","82149","Ron Herrera","15 Years",598,500,1196,"2019-11-25","Flaska","Naturkork","","Panama","Auld Rare Whisky Sweden","Auld Rare Whisky Sweden AB","2002","43.00%","BS",FALSE,FALSE,"",131.56
"233","8656101","24423782","86561","Rhum JM","VSOP",598,700,854.29,"2020-03-30","Flaska","Kapsyl","Martinique","Frankrike","Rhum JM","Renbjer & Magnusson AB","","43.00%","BS",FALSE,FALSE,"",93.9719
"234","8143502","24424456","81435","Nordmarkens Rom","",727,500,1454,"2019-11-25","Flaska","","","Internationellt märke","Nordmarkens Destilleri","Nordmarkens Destilleri AB","","49.00%","BS",FALSE,FALSE,"",159.94
"235","8146002","24425812","81460","No Borders","New World Rum",474,500,948,"2019-12-02","Flaska","","","Varierande ursprung","Herida Aurum AB","Herida Aurum AB","","45.60%","BS",FALSE,FALSE,"",104.28
"236","52101","24427516","521","Cuerpo","Coconut",235,700,335.71,"2020-03-02","Flaska","","","Frankrike","Les Grands Chais de France","Apricot AB","","35.00%","FSN",FALSE,FALSE,"",36.9281
"237","8347601","24427853","83476","JFS Råmm","Limited",3735,700,5335.71,"2019-12-10","Flaska","","","Sverige","Sweden Spirit Group AB","Sweden Spirit Group AB","","40.00%","BS",FALSE,FALSE,"",586.9281
"238","1125401","24428171","11254","NO.1 Old Caribbean Exotic","",229,700,327.14,"2020-06-24","Flaska","","","Sverige","AB NO.1 Production","AB No.1 Production","","32.00%","TSV",FALSE,FALSE,"",35.9854
"239","8206301","24429981","82063","Kill Devil","Uitvlugt 17 Years",1315,700,1878.57,"2019-12-16","Flaska","","","Guyana","Edition Spirits","Clydesdale AB","1999","46.00%","BS",FALSE,FALSE,"",206.6427
"240","8345901","24429984","83459","Caroni","",2498,700,3568.57,"2019-12-16","Flaska","","","Trinidad","Bristol Spirits","Clydesdale AB","1997","56.40%","BS",FALSE,FALSE,"",392.5427
"241","8362401","24429985","83624","Caroni","Felicite Gold",1798,700,2568.57,"2019-12-16","Flaska","","","Trinidad","Bristol Spirits","Clydesdale AB","","40.00%","BS",FALSE,FALSE,"",282.5427
"242","8411801","24429986","84118","Caroni","Blended",1998,700,2854.29,"2019-12-16","Flaska","","","Trinidad","Bristol Spirits","Clydesdale AB","1999","43.00%","BS",FALSE,FALSE,"",313.9719
"243","8413201","24429987","84132","Port Morant","",1036,700,1480,"2019-12-16","Flaska","","","Guyana","Bristol Spirits","Clydesdale AB","2008","43.00%","BS",FALSE,FALSE,"",162.8
"244","4031301","24431617","40313","The Last Caroni 23 Years Old The Tasting Gang Heav","Velier",4176,700,5965.71,"2020-02-27","Flaska","","","Trinidad","Velier","Symposion AB","1996","63.50%","TSE",FALSE,FALSE,"",656.2281
"245","4030501","24431681","40305","The Last Caroni 23 Years HTR Blend Heavy Trinidad ","Velier",4476,700,6394.29,"2020-02-27","Flaska","","","Trinidad","Velier","Symposion AB","1996","61.90%","TSE",FALSE,FALSE,"",703.3719
"246","4030601","24431691","40306","Rum Nation","British Guyana 10 Years Old Cask Strenght",749,700,1070,"2020-02-28","Flaska","","","Guyana","Rossi & Rossi","Symposion AB","","56.40%","TSE",FALSE,FALSE,"",117.7
"247","8499001","24432287","84990","Mount Gay","1703 Master Selection",2129,700,3041.43,"2020-01-15","Flaska","","","Barbados","CSL Remy Cointreau","Nigab","","43.00%","BS",FALSE,FALSE,"",334.5573
"248","8026101","24432288","80261","Mount Gay","Pure Pot Still",1899,700,2712.86,"2020-01-15","Flaska","","","Barbados","CSL Remy Cointreau","Nigab","","48.00%","BS",FALSE,FALSE,"",298.4146
"249","8281401","24433578","82814","Diplomatico","Planas",429,700,612.86,"2020-02-03","Flaska","Korkpropp","","Venezuela","Destilerías Unidas","Handpicked Wines Sweden AB","","47.00%","BS",FALSE,FALSE,"",67.4146
"250","8552901","24433582","85529","Plantation","O.F.T.D",499,700,712.86,"2019-12-30","Flaska","","","Jamaica","Maison Ferrand","Spendrups Bryggeri AB","","69.00%","BS",FALSE,FALSE,"",78.4146
"251","8141201","24442376","81412","XM Royal","10 Years",656,700,937.14,"2020-02-19","Flaska","","","Guyana","Banks DIH Ltd / La Maison du Whisky","Clydesdale AB","","40.00%","BS",FALSE,FALSE,"",103.0854
"252","8170401","24442377","81704","XM Special","12 Years",728,700,1040,"2020-02-19","Flaska","","","Guyana","Banks DIH Ltd / La Maison du Whisky","Clydesdale AB","","40.00%","BS",FALSE,FALSE,"",114.4
"253","8365601","24442378","83656","Trois Rivieres","Rhum Ambre",525,700,750,"2020-02-19","Flaska","","Martinique","Frankrike","Trois Rivières","Clydesdale AB","","40.00%","BS",FALSE,FALSE,"",82.5
"254","8175601","24442379","81756","XM Supreme","15 Years",847,700,1210,"2020-02-19","Flaska","","","Guyana","Banks DIH Ltd / La Maison du Whisky","Clydesdale AB","","40.00%","BS",FALSE,FALSE,"",133.1
"255","8437001","24442380","84370","Trois Rivières","Rhum Vieux Agricole 12 ans d'âge",1393,700,1990,"2020-02-19","Flaska","","Martinique","Frankrike","Trois Rivières","Clydesdale AB","","42.00%","BS",FALSE,FALSE,"",218.9
"256","8273501","24442382","82735","Trois Rivières","Cuvée Du Moulin Rhum Vieux Agricole",687,700,981.43,"2020-02-19","Flaska","","Martinique","Frankrike","Trois Rivières","Clydesdale AB","","40.00%","BS",FALSE,FALSE,"",107.9573
"257","8495901","24443140","84959","Rum & Cane","British West Indies XO Barbados and Trinidad",549,700,784.29,"2020-02-11","Flaska","","","Varierande ursprung","Rum & Cane Merchants","Sebastian Jofre Armijo","","43.00%","BS",FALSE,FALSE,"",86.2719
"258","8363501","24443141","83635","Rum & Cane","Central America XO Rum",549,700,784.29,"2020-02-11","Flaska","","","Varierande ursprung","Rum & Cane Merchants","Sebastian Jofre Armijo","","43.00%","BS",FALSE,FALSE,"",86.2719
"259","8499201","24443142","84992","Rum & Cane","French Overseas XO",549,700,784.29,"2020-02-11","Flaska","","","Varierande ursprung","Crucial Drinks","Sebastian Jofre Armijo","","43.00%","BS",FALSE,FALSE,"",86.2719
"260","8203201","24443143","82032","Rum & Cane","Spanish Caribbean XO",549,700,784.29,"2020-02-11","Flaska","","","Varierande ursprung","Crucial Drinks","Sebastian Jofre Armijo","","43.00%","BS",FALSE,FALSE,"",86.2719
"261","8014601","24443144","80146","Rum & Cane","Asia Pacific XO",549,700,784.29,"2020-02-11","Flaska","","","Varierande ursprung","Crucial Drinks","Sebastian Jofre Armijo","","43.00%","BS",FALSE,FALSE,"",86.2719
"262","8234701","24443145","82347","Six Saints Rum","",399,700,570,"2020-02-11","Flaska","","","Grenada","Crucial Drinks","Sebastian Jofre Armijo","","41.70%","BS",FALSE,FALSE,"",62.7
"263","4074001","24443838","40740","Black Tot","",498,700,711.43,"2020-04-03","Flaska","","","Varierande ursprung","Elixir Distillers","Clydesdale AB","","46.20%","TSE",FALSE,FALSE,"Sugar Cane",78.2573
"264","8180201","24444022","81802","Bacoo","4 Years",497,700,710,"2020-03-04","Flaska","","","Dominikanska Republiken","Sans Wine & Spirits Company","Clydesdale AB","","40.00%","BS",FALSE,FALSE,"",78.1
"265","8060901","24444023","80609","Bacoo","7 Years",558,700,797.14,"2020-03-04","Flaska","","","Dominikanska Republiken","Sans Wine & Spirits Company","Clydesdale AB","","40.00%","BS",FALSE,FALSE,"",87.6854
"266","8208002","24444400","82080","Rhum Bielle","Vintage",1085,500,2170,"2020-03-04","Flaska","","Guadeloupe","Frankrike","Distillerie Bielle","Clydesdale AB","2009","42.00%","BS",FALSE,FALSE,"",238.7
"267","8201501","24444638","82015","Ron Maja","Añejo Autentico 12 Años",549,700,784.29,"2020-02-19","Flaska","Naturkork","","El Salvador","New Life El Salvador","Rewine AB","","40.00%","BS",FALSE,FALSE,"",86.2719
"268","8432101","24444663","84321","Barbancourt","3 Star 4 Years",369,700,527.14,"2020-02-24","Flaska","Skruvkapsyl","","Haiti","Barbancourt","Rewine AB","","40.00%","BS",FALSE,FALSE,"",57.9854
"269","8218501","24445531","82185","Ron Maja","Añejo Autentico 8 Años",479,700,684.29,"2020-03-02","Flaska","Naturkork","","El Salvador","New Life El Salvador","Rewine AB","","40.00%","BS",FALSE,FALSE,"",75.2719
"270","8258201","24446073","82582","Nicaragua Rum","Berry Bros & Rudd",548,700,782.86,"2020-04-06","Flaska","","","Nicaragua","Berry Bros & Rudd","Clydesdale AB","","40.50%","BS",FALSE,FALSE,"",86.1146
"271","8258301","24446074","82583","Guatemala Rum","Berry Bros & Rudd",548,700,782.86,"2020-03-11","Flaska","","","Guatemala","Berry Bros & Rudd","Clydesdale AB","","40.50%","BS",FALSE,FALSE,"",86.1146
"272","8152201","24446075","81522","Jamaica Rum","Berry Bros & Rudd",548,700,782.86,"2020-03-11","Flaska","","","Jamaica","Berry Bros & Rudd","Clydesdale AB","","40.50%","BS",FALSE,FALSE,"",86.1146
"273","8342701","24446076","83427","Barbados Rum","Berry Bros & Rudd",548,700,782.86,"2020-03-11","Flaska","","","Barbados","Berry Bros & Rudd","Clydesdale AB","","40.50%","BS",FALSE,FALSE,"",86.1146
"274","8252101","24446486","82521","Coloma","15 Años",649,700,927.14,"2020-03-02","Flaska","Naturkork","","Colombia","Hazienda Coloma","Rewine AB","","40.00%","BS",FALSE,FALSE,"",101.9854
"275","4075502","24447356","40755","Kinghaven","Port Mourant 8 Years Single Cask",797,500,1594,"2020-06-18","Flaska","","","Guyana","Smögen Whisky","Smögen Whisky AB","","61.40%","TSE",FALSE,FALSE,"",175.34
"276","4075602","24447357","40756","Kinghaven","Versailles 15 Year Old Single Cask",992,500,1984,"2020-06-18","Flaska","","","Guyana","Smögen Whisky","Smögen Whisky AB","","59.20%","TSE",FALSE,FALSE,"",218.24
"277","8015301","24447490","80153","Gosling's Family","Reserve Rum",699,700,998.57,"2020-03-16","Flaska","Skruvkapsyl","","Storbritannien","Castlebrands Group","Arcus Sweden AB","","40.00%","BS",FALSE,FALSE,"",109.8427
"278","8148801","24450606","81488","Emperor","Lily white rum",399,700,570,"2020-03-16","Flaska","Naturkork","","Mauritius","Emperor","Rewine AB","","42.00%","BS",FALSE,FALSE,"",62.7
"279","8075901","24454534","80759","Oliver´s","Ron Máximo XO",1189,700,1698.57,"2020-04-06","Flaska","","","Dominikanska Republiken","Oliver & Oliver","Dica Vin & Sprit HB","","41.00%","BS",FALSE,FALSE,"",186.8427
"280","8326001","24455520","83260","Doorly's","XO",499,700,712.86,"2020-09-16","Flaska","Syntetkork","","Barbados","R L Seale & Company Ltd","Renbjer & Magnusson AB","","43.00%","BS",FALSE,FALSE,"",78.4146
"281","8251301","24457052","82513","Belize Travellers","Kill Devil",978,700,1397.14,"2020-04-08","Flaska","","","Belize","Edition Spirits","Clydesdale AB","2007","46.00%","BS",FALSE,FALSE,"",153.6854
"282","8300001","24457053","83000","Panama","Kill Devil  Cask Strength 13 Years",1298,700,1854.29,"2020-04-08","Flaska","","","Panama","Edition Spirits","Clydesdale AB","2006","60.30%","BS",FALSE,FALSE,"",203.9719
"283","8135001","24457054","81350","Guyana Diamond Pot Still","Port Ellen Finish 11 Years",1289,700,1841.43,"2020-04-08","Flaska","","","Guyana","Edition Spirits","Clydesdale AB","2008","60.90%","BS",FALSE,FALSE,"",202.5573
"284","4046501","24457056","40465","Barbancourt 15","Réserve du Domaine",549,700,784.29,"2020-07-14","Flaska","Skruvkapsyl","","Haiti","Barbancourt","Rewine AB","","43.00%","TSE",FALSE,FALSE,"",86.2719
"285","8412501","24458311","84125","La Masion du Rhum Panama","",795,700,1135.71,"2020-04-28","Flaska","","","Panama","Société Dugas","AB Wicked Wine Sweden","","45.00%","BS",FALSE,FALSE,"",124.9281
"286","8335901","24458312","83359","La Masion du Rhum","Perou",819,700,1170,"2020-04-28","Flaska","","","Peru","Société Dugas","AB Wicked Wine Sweden","","48.00%","BS",FALSE,FALSE,"",128.7
"287","8017601","24458313","80176","La Masion du Rhum","Sainte-Lucie",809,700,1155.71,"2020-04-28","Flaska","","","St Lucia","Société Dugas","AB Wicked Wine Sweden","","45.00%","BS",FALSE,FALSE,"",127.1281
"288","8355201","24458314","83552","La Masion du Rhum","Trinidad & Tobago",819,700,1170,"2020-04-28","Flaska","","","Trinidad","Société Dugas","AB Wicked Wine Sweden","","50.00%","BS",FALSE,FALSE,"",128.7
"289","8335601","24458315","83356","La Masion du Rhum Vieux Salvador","",799,700,1141.43,"2020-04-28","Flaska","","","El Salvador","Société Dugas","AB Wicked Wine Sweden","","40.00%","BS",FALSE,FALSE,"",125.5573
"290","8049401","24458668","80494","El Ron Prohibido","Solera Gran Reserva 15 Years",429,700,612.86,"2020-05-11","Flaska","Naturkork","","Mexiko","Fraternity Spirits","Berntson Brands AB","","40.00%","BS",FALSE,FALSE,"",67.4146
"291","8052301","24459161","80523","La Masion du Rhum","Ile de la Reunion",809,700,1155.71,"2020-04-28","Flaska","","","Frankrike","Société Dugas","AB Wicked Wine Sweden","","45.00%","BS",FALSE,FALSE,"",127.1281
"292","8261701","24459548","82617","Takamaka","Overproof",450,700,642.86,"2020-04-13","Flaska","","","Republiken Seychellerna","Takamaka Distillery","VD Wines AB","","69.00%","BS",FALSE,FALSE,"",70.7146
"293","4079802","24460305","40798","Savanna","12 Years Old Rhum Agricole Single Cask Port finish Reunion Island",1370,500,2740,"2020-10-01","Flaska","","Réunion","Frankrike","Savanna Rhums","Symposion AB","","50.70%","TSE",FALSE,FALSE,"",301.4
"294","3472102","24460764","34721","Savanna","Rhum Agricole Single Cask ex Cognac Reunion Island",999,500,1998,"2020-10-01","Flaska","","Réunion","Frankrike","Savanna Rhums","Symposion AB","2007","50.40%","TSE",FALSE,FALSE,"",219.78
"295","1121902","24460766","11219","Savanna SC","Rhum Grand Arôme Single Cask ex Cognac Reunion Island",1099,500,2198,"2020-10-01","Flaska","","Réunion","Frankrike","Savanna Rhums","Symposion AB","2006","56.50%","TSE",FALSE,FALSE,"",241.78
"296","1180501","24460767","11805","Savanna","Lontan 57 Rhum Grand Arome 2019 Reunion Island",595,700,850,"2020-10-01","Flaska","","Réunion","Frankrike","Savanna Rhums","Symposion AB","","57.00%","TSE",FALSE,FALSE,"",93.5
"297","1131001","24460775","11310","Savanna","Herr 57 High Ester Rhum Reunion Inox",617,700,881.43,"2020-10-01","Flaska","","Réunion","Frankrike","Savanna Rhums","Symposion AB","2006","57.00%","TSE",FALSE,FALSE,"",96.9573
"298","8439001","24460802","84390","Jamaica Moneymusk","11 Years",1334,700,1905.71,"2020-05-06","Flaska","","","Jamaica","Blackadder International Ltd","Clydesdale AB","2007","63.90%","BS",FALSE,FALSE,"",209.6281
"299","8672101","24460807","86721","The Deamon`s Share","",419,700,598.57,"2020-05-06","Flaska","","","Panama","Bodegas de America","AB Wicked Wine Sweden","","40.00%","BS",FALSE,FALSE,"",65.8427
"300","9114801","24462650","91148","Bielle Rhum","Agricole Blanc",295,700,421.43,"2020-07-08","Flaska","Skruvkapsyl","Guadeloupe","Frankrike","Distillerie Bielle","Galatea AB","","40.00%","TSV",FALSE,FALSE,"",46.3573
"301","8052801","24464722","80528","Ron Esclavo","Gran Reserva",389,700,555.71,"2020-05-06","Flaska","","","Dominikanska Republiken","1423 Aps","1423 Noble Spirit AB","","40.00%","BS",FALSE,FALSE,"",61.1281
"302","8246402","24464723","82464","Ron Esclavo","XO Cask",749,500,1498,"2020-05-06","Flaska","","","Dominikanska Republiken","1423 Aps","1423 Noble Spirit AB","","65.00%","BS",FALSE,FALSE,"",164.78
"303","8129501","24464724","81295","S.B.S","Cuba Rum Bottled Aug 2019",989,700,1412.86,"2020-05-06","Flaska","","","Kuba","1423 Aps","1423 Noble Spirit AB","2012","52.00%","BS",FALSE,FALSE,"",155.4146
"304","8642201","24464725","86422","S.B.S","Trinidad Rum Bottled Aug 2019",1019,700,1455.71,"2020-05-06","Flaska","","","Trinidad","1423 Aps","1423 Noble Spirit AB","2009","55.00%","BS",FALSE,FALSE,"",160.1281
"305","8666901","24464726","86669","S.B.S","Panama Rum Bottled Aug 2019",1069,700,1527.14,"2020-05-06","Flaska","","","Panama","1423 Aps","1423 Noble Spirit AB","2006","57.00%","BS",FALSE,FALSE,"",167.9854
"306","8245801","24464727","82458","S.B.S","Barbados Rum Bottled Aug 2019",1029,700,1470,"2020-05-06","Flaska","","","Barbados","1423 Aps","1423 Noble Spirit AB","2009","52.00%","BS",FALSE,FALSE,"",161.7
"307","8319601","24464757","83196","Ron Prohibido","Solera 12 Years",369,700,527.14,"2020-04-27","Flaska","Naturkork","","Mexiko","Fraternity Spirits","Berntson Brands AB","","40.00%","BS",FALSE,FALSE,"",57.9854
"308","8322701","24464774","83227","Centenario Ron","Gran Legado 12 Years",449,700,641.43,"2020-04-27","Flaska","","","Costa Rica","Centenario International","Cask Sweden AB","","40.00%","BS",FALSE,FALSE,"",70.5573
"309","8018901","24464775","80189","Centenario Ron","Fundación 20 Years",749,700,1070,"2020-04-27","Flaska","","","Costa Rica","Centenario International","Cask Sweden AB","","40.00%","BS",FALSE,FALSE,"",117.7
"310","8319901","24464782","83199","Ron Cristobal","Pinta 6-8 Years",469,700,670,"2020-05-06","Flaska","","","Dominikanska Republiken","1423 Aps","1423 Noble Spirit AB","","40.00%","BS",FALSE,FALSE,"",73.7
"311","8346801","24465448","83468","La Masion du Rhum","Millonario Pérou",809,700,1155.71,"2020-04-29","Flaska","","","Peru","Société Dugas","AB Wicked Wine Sweden","","45.00%","BS",FALSE,FALSE,"",127.1281
"312","8319501","24465449","83195","La Masion du Rhum","Hacienda Coloma Colombie",808,700,1154.29,"2020-04-29","Flaska","","","Colombia","Société Dugas","AB Wicked Wine Sweden","","46.00%","BS",FALSE,FALSE,"",126.9719
"313","8319801","24465729","83198","La Masion du Rhum","Trinidad & Tobago",810,700,1157.14,"2020-05-13","Flaska","","","Trinidad","Société Dugas","AB Wicked Wine Sweden","","44.00%","BS",FALSE,FALSE,"",127.2854
"314","8420801","24465734","84208","Centenario","7 Anejo Especial Ron",389,700,555.71,"2020-04-29","Flaska","","","Costa Rica","Centenario International","Cask Sweden AB","","40.00%","BS",FALSE,FALSE,"",61.1281
"315","8019610","24465752","80196","Rammstein","Premium Rum",3329,4500,739.78,"2020-06-22","Flaska","","","Varierande ursprung","1423 Aps","1423 Noble Spirit AB","","40.00%","BS",FALSE,FALSE,"",81.3758
"316","1077201","24469156","10772","J. Bally","Millésime",799,700,1141.43,"2020-09-29","Flaska","","Martinique","Frankrike","J. Bally","Moestue Grape Selections AB","2002","43.00%","TSE",FALSE,FALSE,"",125.5573
"317","4080801","24469918","40808","Plantation Single Cask","Jamaica Clarendon MBK - Borderie XO cask",1599,700,2284.29,"2020-10-15","Flaska","","","Jamaica","Maison Ferrand","Spendrups Bryggeri AB","2000","51.60%","TSE",FALSE,FALSE,"",251.2719
"318","4080901","24469919","40809","Plantation Single Cask","Jamaica Long Pond ITP HJC - Rye whiskey cask",1499,700,2141.43,"2020-10-15","Flaska","","","Jamaica","Maison Ferrand","Spendrups Bryggeri AB","1996","49.10%","TSE",FALSE,FALSE,"",235.5573
"319","4081001","24469920","40810","Plantation Single Cask","Panama - Champagne cask",999,700,1427.14,"2020-10-15","Flaska","","","Panama","Maison Ferrand","Spendrups Bryggeri AB","2007","46.00%","TSE",FALSE,FALSE,"",156.9854
"320","8318602","24470671","83186","Runa","Limited edition Rum",659,500,1318,"2020-05-18","Flaska","","","Sverige","Runa Vodka AB","Runa Vodka AB","","64.70%","BS",FALSE,FALSE,"",144.98
"321","8326102","24470672","83261","Runa","Small Batch Rum",590,500,1180,"2020-05-13","Flaska","","","Sverige","Runa Vodka AB","Runa Vodka AB","","47.00%","BS",FALSE,FALSE,"",129.8
"322","4049801","24471107","40498","Plantation","Single Cask Fiji 2009 Kilchoman Peated Cask",999,700,1427.14,"2020-10-15","Flaska","","","Fiji","Maison Ferrand","Spendrups Bryggeri AB","","49.60%","TSE",FALSE,FALSE,"",156.9854
"323","8200001","24474276","82000","Bacardi","Gran Reserva Diez 10 Years",449,700,641.43,"2020-06-08","Flaska","","Puerto Rico","USA","Bacardi","Bacardi AB","","40.00%","BS",FALSE,FALSE,"",70.5573
"324","8431901","24475341","84319","Bacoo","11 Years",598,700,854.29,"2020-06-03","Flaska","","","Dominikanska Republiken","Sans Wine & Spirits Company","Clydesdale AB","","40.00%","BS",FALSE,FALSE,"",93.9719
"325","8235402","24475345","82354","Dominican Rum","12 Years",585,500,1170,"2020-05-18","Flaska","","","Dominikanska Republiken","SELECTED MALTS AB","Selected Malts Barkevall Westerberg AB","","52.50%","BS",FALSE,FALSE,"",128.7
"326","8211001","24476994","82110","Plantation","Isle of Fiji",449,700,641.43,"2020-06-03","Flaska","","","Fiji","Maison Ferrand","Spendrups Bryggeri AB","","40.00%","BS",FALSE,FALSE,"",70.5573
"327","8160901","24477006","81609","Plantation","Xaymaca Special Dry",449,700,641.43,"2020-06-03","Flaska","","","Jamaica","Maison Ferrand","Spendrups Bryggeri AB","","43.00%","BS",FALSE,FALSE,"",70.5573
"328","8507801","24477964","85078","Compañero","Ron Elixir Orange",499,700,712.86,"2020-05-27","Flaska","","","Trinidad","Ron Companero 1423 ApS","1423 Noble Spirit AB","","40.00%","BS",FALSE,FALSE,"",78.4146
"329","8220601","24479645","82206","Arehucas","7 Years",375,700,535.71,"2020-06-01","Flaska","","Kanarieöarna","Spanien","Destilerias Arehucas SA","Herida Aurum AB","","40.00%","BS",FALSE,FALSE,"",58.9281
"330","1300401","24480567","13004","Foursquare Plenipotenziario","12 YO Single Blended Rum 2007",1699,700,2427.14,"2020-09-03","Flaska","","","Barbados","Velier Rum","Symposion AB","","60.00%","TSE",FALSE,FALSE,"",266.9854
"331","8317101","24485442","83171","Ron Cristobal","Niña",499,700,712.86,"2020-06-15","Flaska","","","Dominikanska Republiken","1423 Aps","1423 Noble Spirit AB","","40.00%","BS",FALSE,FALSE,"",78.4146
"332","8324502","24485608","83245","Ron Esclavo","Gran Reserva Overproof",399,500,798,"2020-06-23","Flaska","","","Dominikanska Republiken","1423 Aps","1423 Noble Spirit AB","","57.50%","BS",FALSE,FALSE,"",87.78
"333","8660801","24486924","86608","Worthy Park Estate","Rum-Bar Gold Premium Jamaican Rum 4 Years",389,700,555.71,"2020-06-22","Flaska","","","Jamaica","1423 Aps","1423 Noble Spirit AB","","40.00%","BS",FALSE,FALSE,"",61.1281
"334","8063501","24486927","80635","Worthy Park Estate","Rum-Bar Silver Premium Jamaican Rum",299,700,427.14,"2020-06-22","Flaska","","","Jamaica","1423 Aps","1423 Noble Spirit AB","","40.00%","BS",FALSE,FALSE,"",46.9854
"335","8422201","24488017","84222","Takamaka","Extra Noir Rum",339,700,484.29,"2020-06-24","Flaska","","","Republiken Seychellerna","Takamaka Distillery","VD Wines AB","","38.00%","BS",FALSE,FALSE,"",53.2719
"336","8017001","24488018","80170","Takamaka","White Rum",341,700,487.14,"2020-06-24","Flaska","","","Republiken Seychellerna","Takamaka Distillery","VD Wines AB","","38.00%","BS",FALSE,FALSE,"",53.5854
"337","8297502","24491376","82975","Lönn","Lagrad Rom",395,500,790,"2020-07-08","Flaska","","","Varierande ursprung","Friendship Rum AB","Friendship Rum AB","","40.00%","BS",FALSE,FALSE,"",86.9
"338","8179801","24491636","81798","Takamaka","St. André",699,1000,699,"2020-07-06","Flaska","","","Republiken Seychellerna","Takamaka Distillery","VD Wines AB","","40.00%","BS",FALSE,FALSE,"",76.89
"339","8328101","24492148","83281","Pitú Cachaça","Do Brasil",295,700,421.43,"2020-07-06","Flaska","","","Brasilien","Engarrafemento Pitú","Altia Sweden AB","","38.00%","BS",FALSE,FALSE,"",46.3573
"340","4082901","24493576","40829","Plantation","Vintage Jamaica",899,700,1284.29,"2020-10-20","Flaska","","","Jamaica","Maison Ferrand","Spendrups Bryggeri AB","2003","49.50%","TSE",FALSE,FALSE,"",141.2719
"341","8259901","24494116","82599","Enghaven","White Rum",529,700,755.71,"2020-07-13","Flaska","","","Danmark","1423 ApS","1423 Noble Spirit AB","","45.00%","BS",FALSE,FALSE,"",83.1281
"342","8367901","24504712","83679","Centenario Rum","Reserva de la Familia 18 Years",649,700,927.14,"2020-07-28","Flaska","","","Costa Rica","Centenario International","Cask Sweden AB","","40.00%","BS",FALSE,FALSE,"",101.9854
"343","8112501","24505736","81125","Enghaven","Blackstrap",619,700,884.29,"2020-08-03","Flaska","","","Danmark","1423 Aps","1423 Noble Spirit AB","","42.00%","BS",FALSE,FALSE,"",97.2719
"344","8165801","24506748","81658","Ron Cristobal","Blanco",415,700,592.86,"2020-08-10","Flaska","","","Dominikanska Republiken","1423 Aps","1423 Noble Spirit AB","","38.00%","BS",FALSE,FALSE,"",65.2146
"345","8321601","24506749","83216","Ron Cristoba","Oro",430,700,614.29,"2020-08-10","Flaska","","","Dominikanska Republiken","1423 Aps","1423 Noble Spirit AB","","38.00%","BS",FALSE,FALSE,"",67.5719
"346","8362101","24506750","83621","Ron Cristobal","Gran Añejo",457,700,652.86,"2020-08-10","Flaska","","","Dominikanska Republiken","1423 Aps","1423 Noble Spirit AB","","40.00%","BS",FALSE,FALSE,"",71.8146
"347","8289702","24508684","82897","PhantomSpirits Omnipollo/Dugges","Perpetual Anagram Blueberry Cheesecake 8 Years",449,500,898,"2020-08-24","Flaska","","","Dominikanska Republiken","Phantom Spirits ApS","Brill & Co AB","","43.00%","BS",FALSE,FALSE,"",98.78
"348","8125802","24508685","81258","PhantomSpirits Omnipollo/Dugges","Perpetual Anagram Bleuberry Cheescake 6 Years",449,500,898,"2020-08-24","Flaska","","","Dominikanska Republiken","Phantom Spirits ApS","Brill & Co AB","","43.00%","BS",FALSE,FALSE,"",98.78
"349","8559801","24510040","85598","Ron 1914","",600,700,857.14,"2020-08-31","Flaska","Skruvkapsyl","","Panama","Rum of Panama Corporation","ATB Design Group","","41.30%","BS",FALSE,FALSE,"",94.2854
"350","8498601","24510048","84986","Demarara Rum","Guyana Uitvlugt 12 Years",1395,700,1992.86,"2020-08-26","Flaska","","","Guyana","Sansibar Whisky","Svenska Eldvatten AB","","51.90%","BS",FALSE,FALSE,"",219.2146
"351","8362501","24510049","83625","Panamanian Rum","5 Years",895,700,1278.57,"2020-08-26","Flaska","","","Panama","Sansibar Whisky","Svenska Eldvatten AB","","47.00%","BS",FALSE,FALSE,"",140.6427
"352","8403001","24510051","84030","Single Cask Nation","Trinidad Rum 16 Years",1295,700,1850,"2020-10-14","Flaska","","","Trinidad","Single Cask Nation","Svenska Eldvatten AB","","55.40%","BS",FALSE,FALSE,"",203.5
"353","8363001","24510889","83630","Volbeat","Rum III",629,700,898.57,"2020-09-04","Flaska","","","Internationellt märke","Conquer Spirits","Amka Vinimport AB","","43.00%","BS",FALSE,FALSE,"",98.8427
"354","8225601","24511033","82256","Ron Jaguar","",579,700,827.14,"2020-08-26","Flaska","Naturkork","","Costa Rica","Costa Rican Rum Company","ATB Design Group","","43.00%","BS",FALSE,FALSE,"",90.9854
"355","8560201","24512117","85602","Cihuatán","12 Years",656,700,937.14,"2020-09-01","Flaska","","","El Salvador","1423 Aps","1423 Noble Spirit AB","","40.00%","BS",FALSE,FALSE,"",103.0854
"356","8218601","24512118","82186","Cihuatán","Nikte 12 Years",929,700,1327.14,"2020-09-01","Flaska","","","El Salvador","1423 Aps","1423 Noble Spirit AB","","47.50%","BS",FALSE,FALSE,"",145.9854
"357","8256002","24512119","82560","Bråvalla","Cask Strength Rhum",697,500,1394,"2020-08-31","Flaska","","","Dominikanska Republiken","H.A.R.R.E.L AB","H.A.R.R.E.L AB","","63.60%","BS",FALSE,FALSE,"",153.34
"358","8364801","24513472","83648","Ek","Friendship Rum",555,700,792.86,"2020-09-07","Flaska","","","Varierande ursprung","Friendship Rum AB","Friendship Rum AB","","40.00%","BS",FALSE,FALSE,"",87.2146
"359","8495701","24514482","84957","Cihuatán","Nahual",929,700,1327.14,"2020-09-08","Flaska","","","El Salvador","1423 ApS","1423 Noble Spirit AB","","47.50%","BS",FALSE,FALSE,"",145.9854
"360","8260801","24514489","82608","Flor de Caña","Centenario 12 Years",479,700,684.29,"2020-09-08","Flaska","","","Nicaragua","Compania Licorera de Nicaragua, S.A.","Berntson Brands AB","","40.00%","BS",FALSE,FALSE,"",75.2719
"361","8260901","24514490","82609","Flor de Caña","Extra Seco 4 Years",300,700,428.57,"2020-09-08","Flaska","","","Nicaragua","Compania Licorera de Nicaragua, S.A.","Berntson Brands AB","","40.00%","BS",FALSE,FALSE,"",47.1427
"362","8147501","24514491","81475","Flor de Caña","Gran Reserva 7 Years",339,700,484.29,"2020-09-08","Flaska","","","Nicaragua","Compania Licorera de Nicaragua, S.A.","Berntson Brands AB","","40.00%","BS",FALSE,FALSE,"",53.2719
"363","8366701","24514814","83667","Flor de Caña","Centenario 18 Years",698,700,997.14,"2020-09-28","Flaska","","","Nicaragua","Compania Licorera de Nicaragua, S.A.","Berntson Brands AB","","40.00%","BS",FALSE,FALSE,"",109.6854
"364","8624101","24516563","86241","Oliver's Ophyum","17 Años Solera",985,700,1407.14,"2020-09-21","Flaska","","","Dominikanska Republiken","Oliver Y Oliver","Dica Vin & Sprit HB","","40.00%","BS",FALSE,FALSE,"",154.7854
"365","8350401","24516929","83504","Ron Esclavo","12 Years",499,700,712.86,"2020-10-14","Flaska","","","Dominikanska Republiken","1423 ApS","1423 Noble Spirit AB","","40.00%","BS",FALSE,FALSE,"",78.4146
"366","8743001","24516930","87430","Ron Esclavo","XO",699,700,998.57,"2020-10-05","Flaska","","","Dominikanska Republiken","1423 ApS","1423 Noble Spirit AB","","42.00%","BS",FALSE,FALSE,"",109.8427
"367","8202208","24517483","82022","Ron Esclavo","Gran Reserva",1289,3000,429.67,"2020-10-05","Box","","","Dominikanska Republiken","1423 ApS","1423 Noble Spirit AB","","40.00%","BS",FALSE,FALSE,"",47.2637
"368","8135301","24519611","81353","Ron Centenario 25 Gran Reserva","Sistema Solera",899,700,1284.29,"2020-09-28","Flaska","","","Costa Rica","Centenario International","Cask Sweden AB","","40.00%","BS",FALSE,FALSE,"",141.2719
"369","8366601","24519612","83666","Centenario Rum","Real",2499,700,3570,"2020-09-28","Flaska","","","Costa Rica","Centenario International","Cask Sweden AB","","40.00%","BS",FALSE,FALSE,"",392.7
"370","8211101","24519887","82111","Oliver y Oliver","Ophyum Sistema 12 Solera",823,700,1175.71,"2020-09-28","Flaska","","","Dominikanska Republiken","Oliver Y Oliver","Dica Vin & Sprit HB","2020","40.00%","BS",FALSE,FALSE,"",129.3281
"371","8186301","24520979","81863","Casa Magdalena","Ron Blanco",370,700,528.57,"2020-09-28","Flaska","","","USA","House Spirits Distillery","Multibev AB","","41.30%","BS",FALSE,FALSE,"",58.1427
"372","8156101","24520991","81561","Remedy","Spiced",349,700,498.57,"2020-09-28","Flaska","","","Panama","Sierra Madre GMBH","Cask Sweden AB","","41.50%","BS",FALSE,FALSE,"",54.8427
"373","8189102","24522401","81891","Ron Esclavo XO Cask","Box Whisky Finish",949,500,1898,"2020-10-19","Flaska","","","Dominikanska Republiken","1423 ApS","1423 Noble Spirit AB","","64.20%","BS",FALSE,FALSE,"",208.78
"374","8233301","24522410","82333","Ron Esclavo","12 Years Islay Whisky Finish",579,700,827.14,"2020-10-19","Flaska","","","Dominikanska Republiken","1423 Aps","1423 Noble Spirit AB","","46.00%","BS",FALSE,FALSE,"",90.9854
"375","8161301","24522411","81613","Ron Esclavo","12 Years Moscatel Wine Finish",579,700,827.14,"2020-10-19","Flaska","","","Dominikanska Republiken","1423 Aps","1423 Noble Spirit AB","","46.00%","BS",FALSE,FALSE,"",90.9854
"376","8420901","24522412","84209","Ron Esclavo","XO Islay Whisky Finish",769,700,1098.57,"2020-10-19","Flaska","","","Dominikanska Republiken","1423 Aps","1423 Noble Spirit AB","","46.00%","BS",FALSE,FALSE,"",120.8427
"377","8225002","24524567","82250","KISS","Black Diamond Premium Dark Rum",369,500,738,"2020-10-20","Flaska","","","Sverige","Brands For Fans","Brands For Fans Sweden AB","","40.00%","BS",FALSE,FALSE,"",81.18
"378","8662701","24526001","86627","Bielle Blanc","Rhum Agricole de la Guadeloupe",729,1000,729,"2020-10-12","Flaska","","Guadeloupe","Frankrike","Distillerie Bielle","Clydesdale AB","","59.00%","BS",FALSE,FALSE,"",80.19
"379","8148901","24526003","81489","Trois Rivieres","Double Wood",689,700,984.29,"2020-10-12","Flaska","","Martinique","Frankrike","Trois Rivieres Distillery","Clydesdale AB","","43.00%","BS",FALSE,FALSE,"",108.2719
"380","8070701","24526018","80707","Artesano","Rum Oloroso Finish",935,700,1335.71,"2020-10-12","Flaska","Naturkork","","Panama","Artesano Premium Rom","Auld Rare Whisky Sweden AB","2007","44.40%","BS",FALSE,FALSE,"",146.9281
"381","8011301","24526019","80113","Barados Rum","13 Years Cask Ref #6",1298,700,1854.29,"2020-10-12","Flaska","","","Barbados","Berry Bros & Rudd","Clydesdale AB","","46.00%","BS",FALSE,FALSE,"",203.9719
"382","8148001","24526020","81480","Guyanan Rum","10 Years Cask Ref #56",1049,700,1498.57,"2020-10-12","Flaska","","","Guyana","Berry Bros & Rudd","Clydesdale AB","","46.00%","BS",FALSE,FALSE,"",164.8427
"383","8273202","24526026","82732","Artesano","Rum Oloroso Finish Cask Strength",1027,500,2054,"2020-10-12","Flaska","Naturkork","","Panama","Artesano Premium Rom","Auld Rare Whisky Sweden AB","2007","57.40%","BS",FALSE,FALSE,"",225.94
"384","8332702","24526027","83327","Artesano","Rum Recioto Finish Cask Strength",924,500,1848,"2020-10-12","Flaska","Naturkork","","Panama","Artesano Premium Rom","Auld Rare Whisky Sweden AB","2007","60.90%","BS",FALSE,FALSE,"",203.28
"385","8369301","24526028","83693","Artesano","Rum Recioto Cask Finish 11 Years",924,700,1320,"2020-10-12","Flaska","Naturkork","","Panama","Artesano Premium Rom","Auld Rare Whisky Sweden AB","","41.10%","BS",FALSE,FALSE,"",145.2
"386","8248501","24526036","82485","Artesano","8 años Rum Ruby Port Finish",825,700,1178.57,"2020-10-12","Flaska","Naturkork","","Panama","Artesano Premium Rom","Auld Rare Whisky Sweden AB","","40.60%","BS",FALSE,FALSE,"",129.6427
"387","8224501","24526037","82245","Artesano","9 años Rum Tawny Port Finish",855,700,1221.43,"2020-10-12","Flaska","Naturkork","","Panama","Artesano Premium Rom","Auld Rare Whisky Sweden AB","","42.10%","BS",FALSE,FALSE,"",134.3573
"388","8009601","24526038","80096","Magnifica de Faria","Reserva Solera",798,700,1140,"2020-10-12","Flaska","","","Brasilien","JLF Agropecuária Ltda","Clydesdale AB","","43.00%","BS",FALSE,FALSE,"",125.4
"389","8234202","24526039","82342","Magnifica de Faria","Bico Do Alambique",419,500,838,"2020-10-12","Flaska","","","Brasilien","JLF Agropecuária Ltda","Clydesdale AB","","48.00%","BS",FALSE,FALSE,"",92.18
"390","8237901","2635167","82379","Ron Roble","Ron Extra Añejo",538,700,768.57,"2017-05-17","Flaska","","","Venezuela","Rones del Caribe","Herida Aurum AB","","40.00%","BS",FALSE,FALSE,"",84.5427
"391","54101","272413","541","Matusalem","Solera 7 Blender",275,700,392.86,"2007-10-01","Flaska","","","Dominikanska Republiken","Matusalem","Nigab","","40.00%","BS",FALSE,FALSE,"Sugar cane molasses",43.2146
"392","8881801","301016","88818","Matusalem Clásico","Solera Blend 10",425,700,607.14,"2007-12-17","Flaska","","","Dominikanska Republiken","Matusalem","Nigab","","40.00%","BS",FALSE,FALSE,"",66.7854
"393","8882501","303329","88825","Matusalem","Gran Reserva Solera Blend 15 Years",449,700,641.43,"2007-12-17","Flaska","","","Dominikanska Republiken","Matusalem","Nigab","","40.00%","BS",FALSE,FALSE,"",70.5573
"394","50401","306853","504","Angostura 1919","Premium Gold Rum",449,700,641.43,"2008-04-01","Flaska","Naturkork","","Trinidad","Angostura","Hermansson & Co AB","","40.00%","BS",FALSE,FALSE,"Sugar cane molasses",70.5573
"395","7017701","32224","70177","Cachaça 51","",269,700,384.29,"2001-12-01","Flaska","Skruvkapsyl","","Brasilien","Müller de Bebidas","TOMP Beer Wine & Spirits AB","","40.00%","FS",FALSE,FALSE,"Sugar Cane",42.2719
"396","8218901","3316842","82189","Arehucas","Reserva Especial 18 Years",598,700,854.29,"2017-06-07","Flaska","","Kanarieöarna","Spanien","Destilerias Arehucas SA","Herida Aurum AB","","40.00%","BS",FALSE,FALSE,"",93.9719
"397","38902","3485773","389","Diplomático","Mantuano",199,350,568.57,"2017-09-01","Flaska","Korkpropp","","Venezuela","Destilerías Unidas","Handpicked Wines Sweden AB","","40.00%","FS",FALSE,FALSE,"",62.5427
"398","8667301","364390","86673","Arehucas","Reserva Especial 12 años",498,700,711.43,"2008-12-01","Flaska","","Kanarieöarna","Spanien","Destilerías Arehucas","Herida Aurum AB","","40.00%","BS",FALSE,FALSE,"",78.2573
"399","8667801","364400","86678","Arehucas","Blanco",279,700,398.57,"2008-12-01","Flaska","","Kanarieöarna","Spanien","Destilerías Arehucas","Herida Aurum AB","","37.50%","BS",FALSE,FALSE,"",43.8427
"400","8210901","3646773","82109","WeiRon","Black",549,700,784.29,"2017-10-01","Flaska","","","Internationellt märke","Svenska Eldvatten","Svenska Eldvatten AB","","50.00%","BS",FALSE,FALSE,"",86.2719
"401","8630501","366120","86305","Arehucas","Oro",279,700,398.57,"2008-12-01","Flaska","","Kanarieöarna","Spanien","Destilerías Arehucas","Herida Aurum AB","","37.50%","BS",FALSE,FALSE,"",43.8427
"402","8690301","398611","86903","Sagatiba","Velha Cachaça",389,700,555.71,"2009-08-01","Flaska","","","Brasilien","Sagatiba Brasil","Nigab","","38.00%","BS",FALSE,FALSE,"",61.1281
"403","8694701","398621","86947","Sagatiba","Pura Cristalina",309,700,441.43,"2009-08-01","Flaska","","","Brasilien","Sagatiba Brasil","Nigab","","38.00%","BS",FALSE,FALSE,"Sugar Cane",48.5573
"404","30901","3994930","309","Ron Roble Ultra Añejo","12 Años",558,700,797.14,"2017-12-01","Flaska","","","Venezuela","Rones del Caribe","Herida Aurum AB","","40.50%","BS",FALSE,FALSE,"Sugar cane molasses",87.6854
"405","8646901","406870","86469","El Dorado","12 Years",439,700,627.14,"2009-11-02","Flaska","","","Guyana","Demerara Distillers","Altia Sweden AB","","40.00%","BS",FALSE,FALSE,"",68.9854
"406","8674101","406916","86741","El Dorado","Special Reserve 21 Years",939,700,1341.43,"2009-11-02","Flaska","","","Guyana","Demerara Distillers","Altia Sweden AB","","43.00%","BS",FALSE,FALSE,"",147.5573
"407","38901","4165978","389","Diplomático","Mantuano",399,700,570,"2017-07-17","Flaska","Korkpropp","","Venezuela","Dusa","Handpicked Wines Sweden AB","","40.00%","BS",FALSE,FALSE,"",62.7
"408","8588001","4251094","85880","Caroni","VSOC 10 Years",1499,700,2141.43,"2017-08-07","Flaska","","","Trinidad","Bristol Spirits","Clydesdale AB","2003","40.00%","BS",FALSE,FALSE,"",235.5573
"409","8600601","4251096","86006","Bristol Classic Rum","Belize Travellers",896,700,1280,"2017-08-07","Flaska","","","Belize","Bristol Spirits","Clydesdale AB","2005","46.00%","BS",FALSE,FALSE,"",140.8
"410","8673401","4251099","86734","Bristol Classic Rum","Cuba Sancti Spriritus",1185,700,1692.86,"2017-08-07","Flaska","","","Storbritannien","Bristol Spirits","Clydesdale AB","2003","43.00%","BS",FALSE,FALSE,"",186.2146
"411","8777001","427930","87770","Pampero","Blanco",239,700,341.43,"2010-01-01","Flaska","","","Venezuela","Las Industrias Pampero","Diageo Sweden AB","","37.50%","BS",FALSE,FALSE,"",37.5573
"412","8760001","427944","87600","Pampero","Ron Añejo Especial",249,700,355.71,"2010-01-01","Flaska","","","Venezuela","Las Industrias Pampero","Diageo Sweden AB","","40.00%","BS",FALSE,FALSE,"",39.1281
"413","8774701","430895","87747","Sailor Jerry","Spiced Rum",299,700,427.14,"2010-02-01","Flaska","","","Okänt ursprung","Sailor Jerry Rum","Nigab","","40.00%","BS",FALSE,FALSE,"",46.9854
"414","7070101","43216","70701","Bacardi","Carta Oro",259,700,370,"2003-09-01","Flaska","","Puerto Rico","USA","Bacardi","Bacardi AB","","40.00%","BS",FALSE,FALSE,"",40.7
"415","8750401","434460","87504","Appleton Estate","21 Years",1299,700,1855.71,"2010-02-01","Flaska","","","Jamaica","Wray & Nephew","Nigab","","43.00%","BS",FALSE,FALSE,"",204.1281
"416","8775701","436283","87757","J Bally","12 Years",729,700,1041.43,"2010-03-01","Flaska","","Martinique","Frankrike","Habitation Lajus","Moestue Grape Selections AB","","45.00%","BS",FALSE,FALSE,"",114.5573
"417","73001","45981","730","Bacardi Limón","",236,700,337.14,"2004-01-01","Flaska","","","Internationellt märke","Bacardi","Bacardi AB","","32.00%","FS",FALSE,FALSE,"",37.0854
"418","71901","46581","719","Bacardi Razz","",236,700,337.14,"2004-04-05","Flaska","","","Internationellt märke","Bacardi","Bacardi AB","","32.00%","FS",FALSE,FALSE,"",37.0854
"419","59101","47035","591","Captain Morgan","Dark Rum",256,700,365.71,"2004-03-01","Flaska","","","Jamaica","Captain Morgan","Diageo Sweden AB","","40.00%","FS",FALSE,FALSE,"",40.2281
"420","8743701","500107","87437","Brugal","Añejo",269,700,384.29,"2010-06-01","Flaska","","","Dominikanska Republiken","Brugal & Co","Edrington Sweden AB","","38.00%","BS",FALSE,FALSE,"",42.2719
"421","8541601","5107607","85416","Compañero Ron","Gran Reserva",572,700,817.14,"2017-09-12","Flaska","","","Övriga ursprung","Ron Companero 1423 ApS","1423 Noble Spirit AB","","40.00%","BS",FALSE,FALSE,"",89.8854
"422","8645501","5107611","86455","Ron Abuelo","7 Años Reserva Superior",399,700,570,"2017-09-04","Flaska","","","Panama","Ron Abuelo Panama","Symposion AB","","40.00%","BS",FALSE,FALSE,"",62.7
"423","8627701","5107612","86277","Ron Abuelo","12 Años Gran Reserva",488,700,697.14,"2017-09-04","Flaska","","","Panama","Ron Abuelo Panama","Symposion AB","","40.00%","BS",FALSE,FALSE,"",76.6854
"424","8690401","5107613","86904","Ron Abuelo","XV Años Tawny Port Cask Finish",879,700,1255.71,"2017-09-04","Flaska","","","Panama","Ron Abuelo Panama","Symposion AB","","40.00%","BS",FALSE,FALSE,"",138.1281
"425","8617001","5107614","86170","Ron Abuelo","XV Años Oloroso Sherry Cask Finish",879,700,1255.71,"2017-09-04","Flaska","","","Panama","Ron Abuelo Panama","Symposion AB","","40.00%","BS",FALSE,FALSE,"",138.1281
"426","8603001","5107615","86030","Ron Abuelo","XV Años Napoleon Cognac Cask Finish",879,700,1255.71,"2017-09-04","Flaska","","","Panama","Ron Abuelo Panama","Symposion AB","","40.00%","BS",FALSE,FALSE,"",138.1281
"427","55901","516","559","Bacardi","Carta Blanca",249,700,355.71,"1992-09-07","Flaska","","","Internationellt märke","Bacardi","Bacardi AB","","37.50%","FS",FALSE,FALSE,"",39.1281
"428","55902","517","559","Bacardi","Carta Blanca",135,350,385.71,"1992-09-07","Flaska","","","Internationellt märke","Bacardi","Bacardi AB","","37.50%","FS",FALSE,FALSE,"",42.4281
"429","56302","522","563","Negrita Dark","",127,350,362.86,"1992-09-07","Flaska","Skruvkapsyl","","Frankrike","Bardinet","Berntson Brands AB","","37.50%","FS",FALSE,FALSE,"",39.9146
"430","1031001","52586","10310","Plantation","Grande Reserve Barbados",294,700,420,"2005-04-01","Flaska","","","Barbados","Cognac Ferrand","Spendrups Bryggeri AB","","40.00%","FS",FALSE,FALSE,"",46.2
"431","8706701","535109","87067","Ron Barceló","Imperial",399,700,570,"2010-11-01","Flaska","","","Dominikanska Republiken","Barceló","Hermansson & Co AB","","38.00%","BS",FALSE,FALSE,"",62.7
"432","7018101","53926","70181","Havana Club","Añejo Especial",280,700,400,"2005-05-01","Flaska","","","Kuba","Havana Club International","Pernod Ricard Sweden AB","","40.00%","BS",FALSE,FALSE,"",44
"433","57801","539761","578","Barceló","Gran Añejo",260,700,371.43,"2011-04-01","Flaska","Skruvkapsyl","","Dominikanska Republiken","Barceló","Hermansson & Co AB","","37.50%","FS",FALSE,TRUE,"Sugar Cane",40.8573
"434","57802","539764","578","Barceló","Gran Añejo",140,350,400,"2011-04-01","Flaska","Skruvkapsyl","","Dominikanska Republiken","Barceló","Hermansson & Co AB","","37.50%","FS",FALSE,TRUE,"Sugar Cane",44
"435","35601","541380","356","Diplomático","Reserva Exclusiva",539,700,770,"2010-11-29","Flaska","Naturkork","","Venezuela","Destilerías Unidas","Handpicked Wines Sweden AB","","40.00%","FS",FALSE,FALSE,"",84.7
"436","8708901","542121","87089","Clément","VSOP Rhum Vieux Agricole",499,700,712.86,"2010-12-01","Flaska","","Martinique","Frankrike","Domaine de l'Acajou","Cask Sweden AB","","40.00%","BS",FALSE,FALSE,"",78.4146
"437","50901","545196","509","Plantation","20th Anniversary XO Barbados",519,700,741.43,"2010-12-14","Flaska","Naturkork","","Barbados","Cognac Ferrand","Spendrups Bryggeri AB","","40.00%","FS",FALSE,FALSE,"Sugar Cane",81.5573
"438","8605001","550391","86050","Arehucas","Capitan Kidd",1729,700,2470,"2011-01-03","Flaska","","Kanarieöarna","Spanien","Destilerías Arehucas","Herida Aurum AB","","40.00%","BS",FALSE,FALSE,"",271.7
"439","50001","551356","500","Ron Zacapa","Gran Reserva",599,700,855.71,"2011-04-01","Flaska","Naturkork","","Guatemala","Diageo Plc","Diageo Sweden AB","","40.00%","FS",FALSE,FALSE,"Sugar Cane",94.1281
"440","8716401","551529","87164","Matusalem","Gran Reserva Solera Blend 23",899,700,1284.29,"2011-01-03","Flaska","","","Dominikanska Republiken","Matusalem","Nigab","","40.00%","BS",FALSE,FALSE,"",141.2719
"441","8300301","5622719","83003","Vizcaya","Cask 21",796,700,1137.14,"2017-09-18","Flaska","","","Tyskland","Haromex Development GmbH","Clydesdale AB","","40.00%","BS",FALSE,FALSE,"",125.0854
"442","8204301","5622720","82043","Vizcaya","Cask 12",558,700,797.14,"2017-09-18","Flaska","","","Tyskland","Haromex Development GmbH","Clydesdale AB","","40.00%","BS",FALSE,FALSE,"",87.6854
"443","8608601","5622736","86086","Atlantico","Reserva",459,700,655.71,"2017-09-18","Flaska","","","Dominikanska Republiken","Alebrand spirits company LLC","Fine Brands Sweden AB","","40.00%","BS",FALSE,FALSE,"",72.1281
"444","8230701","5737629","82307","Atlantico","Gran Reserva",578,700,825.71,"2017-09-18","Flaska","","","Dominikanska Republiken","Alebrand spirits company LLC","Fine Brands Sweden AB","","40.00%","BS",FALSE,FALSE,"",90.8281
"445","8062401","5831995","80624","Malteco","Reserva Maya 15 Years",467,700,667.14,"2017-09-25","Flaska","","","Panama","Bodegas de America","AB Wicked Wine Sweden","","41.50%","BS",FALSE,FALSE,"",73.3854
"446","8246601","5831996","82466","Rom Malteco","Reserva del Fundador 20 años",699,700,998.57,"2017-09-25","Flaska","","","Guatemala","Bodegas de America","AB Wicked Wine Sweden","","41.00%","BS",FALSE,FALSE,"",109.8427
"447","8272101","5831997","82721","Rom Malteco","Añejo Suave 10 Years Old",399,700,570,"2017-09-25","Flaska","","","Guatemala","Bodegas de America","AB Wicked Wine Sweden","","40.50%","BS",FALSE,FALSE,"",62.7
"448","8753501","583756","87535","Havana Club","Selección de Maestro",415,700,592.86,"2011-06-01","Flaska","","","Kuba","Havana Club International","Pernod Ricard Sweden AB","","45.00%","BS",FALSE,FALSE,"",65.2146
"449","8664901","598541","86649","Mount Gay Rum","Extra Old",719,700,1027.14,"2011-09-01","Flaska","","","Barbados","Mount Gay","Nigab","","43.00%","BS",FALSE,FALSE,"",112.9854
"450","8742801","598773","87428","Bacardi","Spiced",239,700,341.43,"2011-09-01","Flaska","","","Internationellt märke","Bacardi","Bacardi AB","","35.00%","BS",FALSE,FALSE,"",37.5573
"451","8831301","6050970","88313","Guyana Kill Devil","Pot Still 12 Years",1195,700,1707.14,"2017-09-25","Flaska","","","Guyana","Edition Spirits","Clydesdale AB","2004","63.10%","BS",FALSE,FALSE,"",187.7854
"452","8162501","6050972","81625","Trinidad Kill Devil","18 Years",2949,700,4212.86,"2017-09-25","Flaska","","","Trinidad","Edition Spirits","Clydesdale AB","1998","65.50%","BS",FALSE,FALSE,"",463.4146
"453","8004101","6051080","80041","Malteco","Seleccion 1987",1982,700,2831.43,"2017-09-25","Flaska","","","Panama","Bodegas de America","AB Wicked Wine Sweden","","40.00%","BS",FALSE,FALSE,"",311.4573
"454","8733301","606748","87333","Plantation","Trinidad 8 Years",449,700,641.43,"2011-10-01","Flaska","Naturkork","","Trinidad","Cognac Ferrand","Spendrups Bryggeri AB","2008","42.00%","FS",FALSE,FALSE,"",70.5573
"455","8120001","6145369","81200","No.1 Old Caribbean","Dark Spiced",249,700,355.71,"2017-09-27","Flaska","","Västra Götalands län","Sverige","AB No1 Brands","AB No.1 Production","","37.50%","BS",FALSE,FALSE,"",39.1281
"456","8646301","622401","86463","Diplomático","Ambassador",2399,700,3427.14,"2011-12-01","Flaska","Korkpropp","","Venezuela","Destilerías Unidas","Handpicked Wines Sweden AB","","47.00%","BS",FALSE,FALSE,"",376.9854
"457","8677101","623027","86771","Ron Zacapa","XO",1159,700,1655.71,"2011-12-01","Flaska","","","Guatemala","","Diageo Sweden AB","","40.00%","BS",FALSE,FALSE,"",182.1281
"458","37801","630922","378","Brave Navigator","",212,700,302.86,"2012-04-02","Flaska","Skruvkapsyl","","Internationellt märke","Galatea Spirits AB","Galatea AB","","35.00%","BS",FALSE,FALSE,"Sugar Cane",33.3146
"459","52001","631074","520","Matusalem","Platino",285,700,407.14,"2012-04-02","Flaska","","","Dominikanska Republiken","Matusalem","Nigab","","40.00%","BS",FALSE,FALSE,"Sugar Cane",44.7854
"460","51701","634399","517","Appleton Estate","Rare Blend 12 Years",429,700,612.86,"2012-10-01","Flaska","","","Jamaica","Wray & Nephew","Nigab","","43.00%","BS",FALSE,FALSE,"Sugar cane molasses",67.4146
"461","51801","641395","518","Ron de Jeremy","Reserva",419,700,598.57,"2012-02-07","Flaska","","","Panama","Alcoholes y Rones de Panama","Herida Aurum AB","","41.50%","BS",FALSE,FALSE,"",65.8427
"462","8676401","643972","86764","Pusser's Rum","British Navy",497,700,710,"2012-02-01","Flaska","Syntetkork","","Varierande ursprung","Pusser's Rum Company","Renbjer & Magnusson AB","","54.50%","BS",FALSE,FALSE,"",78.1
"463","8624001","656020","86240","Brugal","Especial Extra Dry",269,700,384.29,"2012-04-02","Flaska","","","Dominikanska Republiken","Brugal & Co","Edrington Sweden AB","","40.00%","BS",FALSE,FALSE,"",42.2719
"464","8620301","665188","86203","Magnifica","Tradicional",494,700,705.71,"2012-05-02","Flaska","","","Brasilien","JLF Agropecuária Ltda","Clydesdale AB","","45.00%","BS",FALSE,FALSE,"",77.6281
"465","8688101","665231","86881","Magnifica","Envelhecida",533,700,761.43,"2012-05-02","Flaska","","","Brasilien","JLF Agropecuária Ltda","Clydesdale AB","","43.00%","BS",FALSE,FALSE,"",83.7573
"466","52202","670754","522","Ron Quorhum","Solera XO QRM",419,500,838,"2012-10-01","Flaska","Skruvkapsyl","","Dominikanska Republiken","Oliver & Oliver","Cask Sweden AB","","42.00%","FS",FALSE,FALSE,"Sugar Cane",92.18
"467","8685501","674520","86855","The Kraken","",319,700,455.71,"2012-06-01","Flaska","","","USA","Kraken","Arcus Sweden AB","","40.00%","FS",FALSE,FALSE,"",50.1281
"468","8622301","674585","86223","Angostura","7 Years Old",366,700,522.86,"2012-06-01","Flaska","","","Trinidad","Angostura","Hermansson & Co AB","","40.00%","BS",FALSE,FALSE,"",57.5146
"469","8690101","674625","86901","Angostura","5 Years Old",333,700,475.71,"2012-06-01","Flaska","","","Trinidad","Angostura","Hermansson & Co AB","","40.00%","BS",FALSE,FALSE,"",52.3281
"470","8617201","674660","86172","Angostura","Reserva",282,700,402.86,"2012-06-01","Flaska","","","Trinidad","Angostura","Hermansson & Co AB","","37.50%","BS",FALSE,FALSE,"",44.3146
"471","8663601","684303","86636","Negrita","White Rum",225,700,321.43,"2012-08-01","Flaska","Skruvkapsyl","","Internationellt märke","Bardinet","Berntson Brands AB","","37.50%","BS",FALSE,FALSE,"",35.3573
"472","37002","690492","370","Captain Morgan","Spiced Gold",154,350,440,"2012-10-01","Flaska","","","Jamaica","Captain Morgan","Diageo Sweden AB","","35.00%","FS",FALSE,FALSE,"",48.4
"473","8668601","700930","86686","Dos Maderas","PX 5+5",459,700,655.71,"2012-10-01","Flaska","","","Spanien","Williams & Humbert","Ward Wines AB","","40.00%","BS",FALSE,FALSE,"",72.1281
"474","8628801","701664","86288","Flying Dutchman Rum","",487,700,695.71,"2012-10-01","Flaska","","","Nederländerna","Zuidam Distillers BV","Clydesdale AB","","40.00%","BS",FALSE,FALSE,"",76.5281
"475","8675601","702596","86756","Atlantico","Platino",369,700,527.14,"2012-10-01","Flaska","","","Dominikanska Republiken","","Fine Brands Sweden AB","","40.00%","BS",FALSE,FALSE,"",57.9854
"476","8677501","703835","86775","Plantation","3 Stars White Rum",299,700,427.14,"2012-11-01","Flaska","Naturkork","","Trinidad","Cognac Ferrand","Spendrups Bryggeri AB","","41.20%","BS",FALSE,FALSE,"",46.9854
"477","55301","710308","553","Botran","18 Solera Reserva",489,700,698.57,"2013-03-01","Flaska","Naturkork","","Guatemala","Industria Licorera Quezalteca","Arcus Sweden AB","","40.00%","BS",FALSE,FALSE,"",76.8427
"478","8215901","7134270","82159","Zafra","30 Years",2539,700,3627.14,"2017-10-23","Flaska","","","Panama","Bodegas de America","Clydesdale AB","","40.00%","BS",FALSE,FALSE,"",398.9854
"479","8760302","718364","87603","The Bitter Truth","Golden Falernum",328,500,656,"2012-12-01","Flaska","","","Tyskland","The Bitter Truth","Barkonsult Jakobsson & Lövgren AB","","18.00%","BS",FALSE,FALSE,"",72.16
"480","54901","732752","549","El Dorado","15 Years",539,700,770,"2013-06-01","Flaska","","","Guyana","Demerara Distillers","Altia Sweden AB","","43.00%","FS",FALSE,FALSE,"Sugar Cane",84.7
"481","53401","732778","534","Captain Morgan","Black Spiced",279,700,398.57,"2013-06-01","Flaska","","","Internationellt märke","Diageo Plc","Diageo Sweden AB","","40.00%","FS",FALSE,FALSE,"Sugar Cane",43.8427
"482","8724901","777829","87249","Cubaney","Centenario",1485,700,2121.43,"2013-08-01","Flaska","","","Dominikanska Republiken","Oliver & Oliver","Dica Vin & Sprit HB","","41.00%","BS",FALSE,FALSE,"",233.3573
"483","59001","778705","590","Brugal","1888 Gran Reserva Familiar",549,700,784.29,"2013-12-02","Flaska","","","Dominikanska Republiken","Brugal & Co","Edrington Sweden AB","","40.00%","BS",FALSE,FALSE,"",86.2719
"484","8671501","793965","86715","Diplomático","Single Vintage",1299,700,1855.71,"2013-10-01","Flaska","Korkpropp","","Venezuela","Destilerías Unidas","Handpicked Wines Sweden AB","2005","43.00%","FS",FALSE,FALSE,"Sugar Cane",204.1281
"485","8538501","808079","85385","Ron Caribe","Silver Premium",299,700,427.14,"2013-12-02","Flaska","","","Mexiko","Casa D'aristi","Liquorama AB","","40.00%","BS",FALSE,FALSE,"",46.9854
"486","8518801","808086","85188","Ron Caribe","Añejo Superior 5 Años",399,700,570,"2013-12-02","Flaska","","","Mexiko","Casa D'aristi","Liquorama AB","","40.00%","BS",FALSE,FALSE,"",62.7
"487","8403501","812260","84035","Origenes","Reserva Especial 18 Years",759,700,1084.29,"2013-12-02","Flaska","Naturkork","","Panama","Bodegas Esfer","Herida Aurum AB","","40.00%","BS",FALSE,FALSE,"",119.2719
"488","8631901","817175","86319","No.1 Super Premium","Light Rum",280,700,400,"2014-01-02","Flaska","","Västra Götalands län","Sverige","AB No1 Brands","AB No.1 Production","","37.50%","TSLS",FALSE,FALSE,"",44
"489","8459101","825602","84591","Ryoma Japanese Rum","Oak Cask 7 Years",795,700,1135.71,"2014-02-01","Flaska","","","Japan","Kikusui Shuzo Co.Ltd","Clydesdale AB","","40.00%","BS",FALSE,FALSE,"",124.9281
"490","8856701","841156","88567","Don Papa","Rum",439,700,627.14,"2014-04-01","Flaska","","","Filippinerna","Don Papa Rum","Altia Sweden AB","","40.00%","FS",FALSE,FALSE,"Molasses",68.9854
"491","52701","848617","527","Olokun","Rum",240,700,342.86,"2014-09-01","Flaska","Korkpropp","","Internationellt märke","Galatea Spirits AB","Galatea AB","","40.00%","BS",FALSE,FALSE,"",37.7146
"492","8488401","853374","84884","Pitú Cachaça","Do Brasil",295,700,421.43,"2014-05-02","Flaska","","","Brasilien","Engarrafemento Pitú","Altia Sweden AB","","40.00%","BS",FALSE,FALSE,"",46.3573
"493","8614201","856254","86142","Wray & Nephew","White Overproof Rum",469,700,670,"2014-06-02","Flaska","","","Jamaica","Wray & Nephew","Nigab","","63.00%","BS",FALSE,FALSE,"",73.7
"494","52602","873842","526","Havana Club Añejo","3 años",136,350,388.57,"2014-08-01","Flaska","","","Kuba","Havana Club International","Pernod Ricard Sweden AB","","40.00%","BS",FALSE,FALSE,"Sugar Cane",42.7427
"495","8533501","876804","85335","Flying Dutchman","Dark Rum No 3",538,700,768.57,"2014-08-01","Flaska","","","Nederländerna","Zuidam Distillers BV","Clydesdale AB","","40.00%","BS",FALSE,FALSE,"",84.5427
"496","8606301","899843","86063","Ron Cartavio","XO",1085,700,1550,"2014-11-03","Flaska","Naturkork","","Peru","Ron Cartavio","Jakobsson och Söderström AB","","40.00%","BS",FALSE,FALSE,"",170.5
"497","8694901","899905","86949","Ron Cartavio","Solera 12 Anõs",615,700,878.57,"2014-11-03","Flaska","Naturkork","","Peru","Ron Cartavio","Jakobsson och Söderström AB","","40.00%","BS",FALSE,FALSE,"",96.6427
"498","8601301","900047","86013","Karukera","Rhum Vieux Agricole Reserve Speciale",759,700,1084.29,"2014-11-03","Flaska","Naturkork","Franska Antillerna","Frankrike","Domaine du Marquisat de Saint-Marie","Jakobsson och Söderström AB","","42.00%","BS",FALSE,FALSE,"",119.2719
"499","8293801","9053904","82938","Sweden Rock Spirits XO","15 Years",499,700,712.86,"2017-12-06","Flaska","Skruvkapsyl","","Guyana","Götene Vin & Spritfabrik AB","Brands For Fans Sweden AB","","40.00%","FS",FALSE,FALSE,"",78.4146
"500","35602","910405","356","Diplomático","Reserva Exclusiva",275,350,785.71,"2014-12-01","Flaska","Korkpropp","","Venezuela","Destilerías Unidas","Handpicked Wines Sweden AB","","40.00%","BS",FALSE,FALSE,"",86.4281
"501","8760601","913025","87606","Ron Esclavo Solera","12 Years",498,700,711.43,"2014-12-01","Flaska","","","Dominikanska Republiken","1423","1423 Noble Spirit AB","","40.00%","BS",FALSE,FALSE,"",78.2573
"502","8754301","914022","87543","Origenes","Reserva 8 Years",449,700,641.43,"2014-12-01","Flaska","","","Panama","Alcoholes y Rones de Panama","Herida Aurum AB","","40.00%","BS",FALSE,FALSE,"",70.5573
"503","57601","914844","576","Bacardi","Carta Negra",259,700,370,"2015-03-02","Flaska","","","Internationellt märke","Bacardi","Bacardi AB","","40.00%","BS",FALSE,FALSE,"",40.7
"504","8316801","9186955","83168","Black Tot","40 Years",15158,700,21654.29,"2017-12-18","Flaska","","","Guyana","Elixir Distillers","Clydesdale AB","","44.20%","BS",FALSE,FALSE,"",2381.9719
"505","4022109","9190849","40221","Mount Gay","Original Series Duo pack",899,700,1284.29,"2018-04-12","2 fl à 350 ml","","","Barbados","Bruichladdich","Nigab","","43.00%","TSE",FALSE,FALSE,"",141.2719
"506","8700901","926788","87009","Mount Gay","Black Barrel",479,700,684.29,"2015-02-02","Flaska","","","Barbados","Mount Gay","Nigab","","43.00%","BS",FALSE,FALSE,"",75.2719
"507","53301","936633","533","Bacardi","Carta Fuego",259,700,370,"2015-06-01","Flaska","","","Internationellt märke","Bacardi","Bacardi AB","","40.00%","BS",FALSE,FALSE,"",40.7
"508","8668101","940420","86681","Amrut","Two Indies Rum",477,700,681.43,"2015-03-02","Flaska","","","Indien","Amrut Distilleries","Clydesdale AB","","42.80%","BS",FALSE,FALSE,"",74.9573
"509","8698501","941321","86985","Goslings Black Seal","",289,700,412.86,"2015-03-02","Flaska","Skruvkapsyl","","Storbritannien","Castlebrands Group","Arcus Sweden AB","","40.00%","BS",FALSE,FALSE,"",45.4146
"510","8650201","942468","86502","Ron Esclavo","Solera XO",747,700,1067.14,"2015-03-02","Flaska","","","Dominikanska Republiken","Oliver & Oliver","1423 Noble Spirit AB","","42.00%","BS",FALSE,FALSE,"",117.3854
"511","8693801","950002","86938","Diamond Rum","Berry's Own Selection 15 Years",1039,700,1484.29,"2015-04-01","Flaska","","","Guyana","Berry Bros & Rudd","Clydesdale AB","","46.00%","BS",FALSE,FALSE,"",163.2719
"512","8556101","953602","85561","Ron De Jeremy","Spiced",328,700,468.57,"2015-04-01","Flaska","","","Nederländerna","Toorank Distillery","Herida Aurum AB","","38.00%","BS",FALSE,FALSE,"",51.5427
"513","8704301","957557","87043","Old Distiller","Añejo Superior 5 Años",514,700,734.29,"2015-05-02","Flaska","","","Dominikanska Republiken","W.W.T","Clydesdale AB","","40.00%","BS",FALSE,FALSE,"",80.7719
"514","8704501","957564","87045","The Ultimate","Finest Selection",568,700,811.43,"2015-05-02","Flaska","","","Guyana","The Ultmate Whisky Company","Clydesdale AB","","46.00%","BS",FALSE,FALSE,"",89.2573
"515","50802","966547","508","Doorly's","6 Years",182,350,520,"2015-09-01","Flaska","Skruvkapsyl","","Barbados","R L Seale & Company Ltd","Renbjer & Magnusson AB","","40.00%","FS",FALSE,FALSE,"Sugar Cane",57.2
"516","8252901","9738361","82529","Coloma","8 Years",469,700,670,"2018-01-08","Flaska","Skruvkapsyl","","Colombia","Hazienda Coloma","Rewine AB","","40.00%","BS",FALSE,FALSE,"",73.7
"517","8491201","9738362","84912","Emperor","Sherry Cask",529,700,755.71,"2018-01-08","Flaska","Naturkork","","Mauritius","Emperor","Rewine AB","","40.00%","BS",FALSE,FALSE,"",83.1281
"518","8048201","9738363","80482","Emperor Heritage","Mauritian rum",499,700,712.86,"2018-01-08","Flaska","Skruvkapsyl","","Mauritius","Emperor","Rewine AB","","40.00%","BS",FALSE,FALSE,"",78.4146
"519","8668201","977785","86682","Captain Morgan","White Rum",239,700,341.43,"2015-07-01","Flaska","","","Internationellt märke","Captain Morgan","Diageo Sweden AB","","37.50%","BS",FALSE,FALSE,"",37.5573
"520","8603701","981868","86037","Ron de Jeremy","XO 15 Years",589,700,841.43,"2015-07-01","Flaska","","","Varierande ursprung","One Eyed Spirits","Herida Aurum AB","","40.00%","BS",FALSE,FALSE,"",92.5573
"521","54001","9872","540","Barracuda Rum","Silver",239,700,341.43,"1996-01-01","Flaska","Skruvkapsyl","","Internationellt märke","Altia Sweden AB","Altia Sweden AB","","38.00%","FS",FALSE,FALSE,"",37.5573
"522","54002","9874","540","Barracuda Rum","Silver",129,350,368.57,"1996-01-01","Flaska","Skruvkapsyl","","Internationellt märke","Altia Sweden AB","Altia Sweden AB","","38.00%","FS",FALSE,FALSE,"",40.5427
"523","8610701","998834","86107","Capucana","Cachaça",469,700,670,"2015-09-01","Flaska","","","Brasilien","Global Premium Brands","Fine Brands Sweden AB","","42.00%","BS",FALSE,FALSE,"",73.7
